%YAML 1.1
%TAG !u! tag:unity3d.com,2011:
--- !u!1 &3702221492640130304
GameObject:
  m_ObjectHideFlags: 0
  m_CorrespondingSourceObject: {fileID: 0}
  m_PrefabInstance: {fileID: 0}
  m_PrefabAsset: {fileID: 0}
  serializedVersion: 6
  m_Component:
  - component: {fileID: 3702221492640430368}
  m_Layer: 0
  m_Name: EthanRightHandMiddle3
  m_TagString: Untagged
  m_Icon: {fileID: 0}
  m_NavMeshLayer: 0
  m_StaticEditorFlags: 0
  m_IsActive: 1
--- !u!4 &3702221492640430368
Transform:
  m_ObjectHideFlags: 0
  m_CorrespondingSourceObject: {fileID: 0}
  m_PrefabInstance: {fileID: 0}
  m_PrefabAsset: {fileID: 0}
  m_GameObject: {fileID: 3702221492640130304}
  m_LocalRotation: {x: -1.3944989e-16, y: 2.3705745e-18, z: -0.11640201, w: 0.9932022}
  m_LocalPosition: {x: -0.017910058, y: 0.01438411, z: -0.013012125}
  m_LocalScale: {x: 1, y: 1, z: 1}
  m_Children:
  - {fileID: 3702221492640430370}
  m_Father: {fileID: 3702221492640430374}
  m_RootOrder: 0
  m_LocalEulerAnglesHint: {x: 0, y: 0, z: 0}
--- !u!1 &3702221492640130306
GameObject:
  m_ObjectHideFlags: 0
  m_CorrespondingSourceObject: {fileID: 0}
  m_PrefabInstance: {fileID: 0}
  m_PrefabAsset: {fileID: 0}
  serializedVersion: 6
  m_Component:
  - component: {fileID: 3702221492640430370}
  m_Layer: 0
  m_Name: EthanRightHandMiddle4
  m_TagString: Untagged
  m_Icon: {fileID: 0}
  m_NavMeshLayer: 0
  m_StaticEditorFlags: 0
  m_IsActive: 1
--- !u!4 &3702221492640430370
Transform:
  m_ObjectHideFlags: 0
  m_CorrespondingSourceObject: {fileID: 0}
  m_PrefabInstance: {fileID: 0}
  m_PrefabAsset: {fileID: 0}
  m_GameObject: {fileID: 3702221492640130306}
  m_LocalRotation: {x: 0.37079856, y: 0, z: -0, w: 0.9287133}
  m_LocalPosition: {x: -0.020049982, y: 0.003538114, z: -0.012281116}
  m_LocalScale: {x: 1, y: 1, z: 1}
  m_Children: []
  m_Father: {fileID: 3702221492640430368}
  m_RootOrder: 0
  m_LocalEulerAnglesHint: {x: 0, y: 0, z: 0}
--- !u!1 &3702221492640130308
GameObject:
  m_ObjectHideFlags: 0
  m_CorrespondingSourceObject: {fileID: 0}
  m_PrefabInstance: {fileID: 0}
  m_PrefabAsset: {fileID: 0}
  serializedVersion: 6
  m_Component:
  - component: {fileID: 3702221492640430372}
  m_Layer: 0
  m_Name: EthanRightHandMiddle1
  m_TagString: Untagged
  m_Icon: {fileID: 0}
  m_NavMeshLayer: 0
  m_StaticEditorFlags: 0
  m_IsActive: 1
--- !u!4 &3702221492640430372
Transform:
  m_ObjectHideFlags: 0
  m_CorrespondingSourceObject: {fileID: 0}
  m_PrefabInstance: {fileID: 0}
  m_PrefabAsset: {fileID: 0}
  m_GameObject: {fileID: 3702221492640130308}
  m_LocalRotation: {x: 0.044012643, y: 6.003835e-17, z: 1.01539365e-16, w: 0.999031}
  m_LocalPosition: {x: 0.013395289, y: 0.08440544, z: -0.031651095}
  m_LocalScale: {x: 1, y: 1, z: 1}
  m_Children:
  - {fileID: 3702221492640430374}
  m_Father: {fileID: 3702221492640430386}
  m_RootOrder: 1
  m_LocalEulerAnglesHint: {x: 0, y: 0, z: 0}
--- !u!1 &3702221492640130310
GameObject:
  m_ObjectHideFlags: 0
  m_CorrespondingSourceObject: {fileID: 0}
  m_PrefabInstance: {fileID: 0}
  m_PrefabAsset: {fileID: 0}
  serializedVersion: 6
  m_Component:
  - component: {fileID: 3702221492640430374}
  m_Layer: 0
  m_Name: EthanRightHandMiddle2
  m_TagString: Untagged
  m_Icon: {fileID: 0}
  m_NavMeshLayer: 0
  m_StaticEditorFlags: 0
  m_IsActive: 1
--- !u!4 &3702221492640430374
Transform:
  m_ObjectHideFlags: 0
  m_CorrespondingSourceObject: {fileID: 0}
  m_PrefabInstance: {fileID: 0}
  m_PrefabAsset: {fileID: 0}
  m_GameObject: {fileID: 3702221492640130310}
  m_LocalRotation: {x: -1.7505887e-16, y: -1.3010513e-17, z: -0.24504505, w: 0.9695117}
  m_LocalPosition: {x: 0.0037796986, y: 0.030145705, z: -0.011636003}
  m_LocalScale: {x: 1, y: 1, z: 1}
  m_Children:
  - {fileID: 3702221492640430368}
  m_Father: {fileID: 3702221492640430372}
  m_RootOrder: 0
  m_LocalEulerAnglesHint: {x: 0, y: 0, z: 0}
--- !u!1 &3702221492640130312
GameObject:
  m_ObjectHideFlags: 0
  m_CorrespondingSourceObject: {fileID: 0}
  m_PrefabInstance: {fileID: 0}
  m_PrefabAsset: {fileID: 0}
  serializedVersion: 6
  m_Component:
  - component: {fileID: 3702221492640430376}
  m_Layer: 0
  m_Name: EthanRightHandIndex3
  m_TagString: Untagged
  m_Icon: {fileID: 0}
  m_NavMeshLayer: 0
  m_StaticEditorFlags: 0
  m_IsActive: 1
--- !u!4 &3702221492640430376
Transform:
  m_ObjectHideFlags: 0
  m_CorrespondingSourceObject: {fileID: 0}
  m_PrefabInstance: {fileID: 0}
  m_PrefabAsset: {fileID: 0}
  m_GameObject: {fileID: 3702221492640130312}
  m_LocalRotation: {x: -0.0069621657, y: -0.043059405, z: -0.15946263, w: 0.9862399}
  m_LocalPosition: {x: -0.012793941, y: 0.01690497, z: -0.01108144}
  m_LocalScale: {x: 1, y: 1, z: 1}
  m_Children:
  - {fileID: 3702221492640430378}
  m_Father: {fileID: 3702221492640430382}
  m_RootOrder: 0
  m_LocalEulerAnglesHint: {x: 0, y: 0, z: 0}
--- !u!1 &3702221492640130314
GameObject:
  m_ObjectHideFlags: 0
  m_CorrespondingSourceObject: {fileID: 0}
  m_PrefabInstance: {fileID: 0}
  m_PrefabAsset: {fileID: 0}
  serializedVersion: 6
  m_Component:
  - component: {fileID: 3702221492640430378}
  m_Layer: 0
  m_Name: EthanRightHandIndex4
  m_TagString: Untagged
  m_Icon: {fileID: 0}
  m_NavMeshLayer: 0
  m_StaticEditorFlags: 0
  m_IsActive: 1
--- !u!4 &3702221492640430378
Transform:
  m_ObjectHideFlags: 0
  m_CorrespondingSourceObject: {fileID: 0}
  m_PrefabInstance: {fileID: 0}
  m_PrefabAsset: {fileID: 0}
  m_GameObject: {fileID: 3702221492640130314}
  m_LocalRotation: {x: 0.48288566, y: 0, z: -0, w: 0.8756834}
  m_LocalPosition: {x: -0.020055542, y: 0.0045875087, z: -0.007730851}
  m_LocalScale: {x: 1, y: 1, z: 1}
  m_Children: []
  m_Father: {fileID: 3702221492640430376}
  m_RootOrder: 0
  m_LocalEulerAnglesHint: {x: 0, y: 0, z: 0}
--- !u!1 &3702221492640130316
GameObject:
  m_ObjectHideFlags: 0
  m_CorrespondingSourceObject: {fileID: 0}
  m_PrefabInstance: {fileID: 0}
  m_PrefabAsset: {fileID: 0}
  serializedVersion: 6
  m_Component:
  - component: {fileID: 3702221492640430380}
  m_Layer: 0
  m_Name: EthanRightHandIndex1
  m_TagString: Untagged
  m_Icon: {fileID: 0}
  m_NavMeshLayer: 0
  m_StaticEditorFlags: 0
  m_IsActive: 1
--- !u!4 &3702221492640430380
Transform:
  m_ObjectHideFlags: 0
  m_CorrespondingSourceObject: {fileID: 0}
  m_PrefabInstance: {fileID: 0}
  m_PrefabAsset: {fileID: 0}
  m_GameObject: {fileID: 3702221492640130316}
  m_LocalRotation: {x: -0.0015103403, y: 0.04359434, z: -0.04356065, w: 0.9980981}
  m_LocalPosition: {x: 0.018482815, y: 0.08044467, z: -0.05103978}
  m_LocalScale: {x: 1, y: 1, z: 1}
  m_Children:
  - {fileID: 3702221492640430382}
  m_Father: {fileID: 3702221492640430386}
  m_RootOrder: 0
  m_LocalEulerAnglesHint: {x: 0, y: 0, z: 0}
--- !u!1 &3702221492640130318
GameObject:
  m_ObjectHideFlags: 0
  m_CorrespondingSourceObject: {fileID: 0}
  m_PrefabInstance: {fileID: 0}
  m_PrefabAsset: {fileID: 0}
  serializedVersion: 6
  m_Component:
  - component: {fileID: 3702221492640430382}
  m_Layer: 0
  m_Name: EthanRightHandIndex2
  m_TagString: Untagged
  m_Icon: {fileID: 0}
  m_NavMeshLayer: 0
  m_StaticEditorFlags: 0
  m_IsActive: 1
--- !u!4 &3702221492640430382
Transform:
  m_ObjectHideFlags: 0
  m_CorrespondingSourceObject: {fileID: 0}
  m_PrefabInstance: {fileID: 0}
  m_PrefabAsset: {fileID: 0}
  m_GameObject: {fileID: 3702221492640130318}
  m_LocalRotation: {x: 4.4301775e-18, y: 2.7399736e-17, z: -0.15961397, w: 0.9871795}
  m_LocalPosition: {x: 0.0002228482, y: 0.025879227, z: -0.0103851855}
  m_LocalScale: {x: 1, y: 1, z: 1}
  m_Children:
  - {fileID: 3702221492640430376}
  m_Father: {fileID: 3702221492640430380}
  m_RootOrder: 0
  m_LocalEulerAnglesHint: {x: 0, y: 0, z: 0}
--- !u!1 &3702221492640130320
GameObject:
  m_ObjectHideFlags: 0
  m_CorrespondingSourceObject: {fileID: 0}
  m_PrefabInstance: {fileID: 0}
  m_PrefabAsset: {fileID: 0}
  serializedVersion: 6
  m_Component:
  - component: {fileID: 3702221492640430384}
  m_Layer: 0
  m_Name: EthanRightForeArm
  m_TagString: Untagged
  m_Icon: {fileID: 0}
  m_NavMeshLayer: 0
  m_StaticEditorFlags: 0
  m_IsActive: 1
--- !u!4 &3702221492640430384
Transform:
  m_ObjectHideFlags: 0
  m_CorrespondingSourceObject: {fileID: 0}
  m_PrefabInstance: {fileID: 0}
  m_PrefabAsset: {fileID: 0}
  m_GameObject: {fileID: 3702221492640130320}
  m_LocalRotation: {x: -4.2910434e-17, y: 6.041633e-19, z: 0.22885369, w: 0.97346085}
  m_LocalPosition: {x: 0.087945335, y: -0.014121898, z: 0.22941919}
  m_LocalScale: {x: 1, y: 1, z: 1}
  m_Children:
  - {fileID: 3702221492640430386}
  m_Father: {fileID: 3702221492640430396}
  m_RootOrder: 0
  m_LocalEulerAnglesHint: {x: 0, y: 0, z: 0}
--- !u!1 &3702221492640130322
GameObject:
  m_ObjectHideFlags: 0
  m_CorrespondingSourceObject: {fileID: 0}
  m_PrefabInstance: {fileID: 0}
  m_PrefabAsset: {fileID: 0}
  serializedVersion: 6
  m_Component:
  - component: {fileID: 3702221492640430386}
  m_Layer: 0
  m_Name: EthanRightHand
  m_TagString: Untagged
  m_Icon: {fileID: 0}
  m_NavMeshLayer: 0
  m_StaticEditorFlags: 0
  m_IsActive: 1
--- !u!4 &3702221492640430386
Transform:
  m_ObjectHideFlags: 0
  m_CorrespondingSourceObject: {fileID: 0}
  m_PrefabInstance: {fileID: 0}
  m_PrefabAsset: {fileID: 0}
  m_GameObject: {fileID: 3702221492640130322}
  m_LocalRotation: {x: 0.70413506, y: 0.061653953, z: -0.061604813, w: 0.7046967}
  m_LocalPosition: {x: 0.07080024, y: 0.03550319, z: 0.14085418}
  m_LocalScale: {x: 1, y: 1, z: 1}
  m_Children:
  - {fileID: 3702221492640430380}
  - {fileID: 3702221492640430372}
  - {fileID: 3702221492640430364}
  - {fileID: 3702221492640430356}
  - {fileID: 3702221492640430348}
  m_Father: {fileID: 3702221492640430384}
  m_RootOrder: 0
  m_LocalEulerAnglesHint: {x: 0, y: 0, z: 0}
--- !u!1 &3702221492640130324
GameObject:
  m_ObjectHideFlags: 0
  m_CorrespondingSourceObject: {fileID: 0}
  m_PrefabInstance: {fileID: 0}
  m_PrefabAsset: {fileID: 0}
  serializedVersion: 6
  m_Component:
  - component: {fileID: 3702221492640430388}
  m_Layer: 0
  m_Name: EthanRightEye
  m_TagString: Untagged
  m_Icon: {fileID: 0}
  m_NavMeshLayer: 0
  m_StaticEditorFlags: 0
  m_IsActive: 1
--- !u!4 &3702221492640430388
Transform:
  m_ObjectHideFlags: 0
  m_CorrespondingSourceObject: {fileID: 0}
  m_PrefabInstance: {fileID: 0}
  m_PrefabAsset: {fileID: 0}
  m_GameObject: {fileID: 3702221492640130324}
  m_LocalRotation: {x: -0.5, y: 0.5, z: 0.5000007, w: -0.49999928}
  m_LocalPosition: {x: -0.0817396, y: -0.05880309, z: 0.027845075}
  m_LocalScale: {x: 1, y: 1, z: 1}
  m_Children: []
  m_Father: {fileID: 3702221492640430482}
  m_RootOrder: 7
  m_LocalEulerAnglesHint: {x: 0, y: 0, z: 0}
--- !u!1 &3702221492640130326
GameObject:
  m_ObjectHideFlags: 0
  m_CorrespondingSourceObject: {fileID: 0}
  m_PrefabInstance: {fileID: 0}
  m_PrefabAsset: {fileID: 0}
  serializedVersion: 6
  m_Component:
  - component: {fileID: 3702221492640430390}
  m_Layer: 0
  m_Name: EthanRightFoot
  m_TagString: Untagged
  m_Icon: {fileID: 0}
  m_NavMeshLayer: 0
  m_StaticEditorFlags: 0
  m_IsActive: 1
--- !u!4 &3702221492640430390
Transform:
  m_ObjectHideFlags: 0
  m_CorrespondingSourceObject: {fileID: 0}
  m_PrefabInstance: {fileID: 0}
  m_PrefabAsset: {fileID: 0}
  m_GameObject: {fileID: 3702221492640130326}
  m_LocalRotation: {x: 0.08430424, y: -0.03596484, z: -0.13311061, w: 0.9868541}
  m_LocalPosition: {x: -0.282779, y: 0.17187855, z: -0.031040668}
  m_LocalScale: {x: 1, y: 1, z: 1}
  m_Children:
  - {fileID: 3702221492640430338}
  m_Father: {fileID: 3702221492640430340}
  m_RootOrder: 0
  m_LocalEulerAnglesHint: {x: 0, y: 0, z: 0}
--- !u!1 &3702221492640130328
GameObject:
  m_ObjectHideFlags: 0
  m_CorrespondingSourceObject: {fileID: 0}
  m_PrefabInstance: {fileID: 0}
  m_PrefabAsset: {fileID: 0}
  serializedVersion: 6
  m_Component:
  - component: {fileID: 3702221492640430392}
  m_Layer: 0
  m_Name: EthanRightBrow
  m_TagString: Untagged
  m_Icon: {fileID: 0}
  m_NavMeshLayer: 0
  m_StaticEditorFlags: 0
  m_IsActive: 1
--- !u!4 &3702221492640430392
Transform:
  m_ObjectHideFlags: 0
  m_CorrespondingSourceObject: {fileID: 0}
  m_PrefabInstance: {fileID: 0}
  m_PrefabAsset: {fileID: 0}
  m_GameObject: {fileID: 3702221492640130328}
  m_LocalRotation: {x: -0.5, y: 0.5, z: 0.5000007, w: -0.49999928}
  m_LocalPosition: {x: -0.09989007, y: -0.08062444, z: 0.02868702}
  m_LocalScale: {x: 1, y: 1, z: 1}
  m_Children: []
  m_Father: {fileID: 3702221492640430482}
  m_RootOrder: 6
  m_LocalEulerAnglesHint: {x: 0, y: 0, z: 0}
--- !u!1 &3702221492640130330
GameObject:
  m_ObjectHideFlags: 0
  m_CorrespondingSourceObject: {fileID: 0}
  m_PrefabInstance: {fileID: 0}
  m_PrefabAsset: {fileID: 0}
  serializedVersion: 6
  m_Component:
  - component: {fileID: 3702221492640430394}
  m_Layer: 0
  m_Name: EthanRightCorner
  m_TagString: Untagged
  m_Icon: {fileID: 0}
  m_NavMeshLayer: 0
  m_StaticEditorFlags: 0
  m_IsActive: 1
--- !u!4 &3702221492640430394
Transform:
  m_ObjectHideFlags: 0
  m_CorrespondingSourceObject: {fileID: 0}
  m_PrefabInstance: {fileID: 0}
  m_PrefabAsset: {fileID: 0}
  m_GameObject: {fileID: 3702221492640130330}
  m_LocalRotation: {x: -0.5, y: 0.5, z: 0.5000007, w: -0.49999928}
  m_LocalPosition: {x: 0.14939931, y: -0.06769704, z: 0.02431402}
  m_LocalScale: {x: 1, y: 1, z: 1}
  m_Children: []
  m_Father: {fileID: 3702221492640430476}
  m_RootOrder: 2
  m_LocalEulerAnglesHint: {x: 0, y: 0, z: 0}
--- !u!1 &3702221492640130332
GameObject:
  m_ObjectHideFlags: 0
  m_CorrespondingSourceObject: {fileID: 0}
  m_PrefabInstance: {fileID: 0}
  m_PrefabAsset: {fileID: 0}
  serializedVersion: 6
  m_Component:
  - component: {fileID: 3702221492640430396}
  m_Layer: 0
  m_Name: EthanRightArm
  m_TagString: Untagged
  m_Icon: {fileID: 0}
  m_NavMeshLayer: 0
  m_StaticEditorFlags: 0
  m_IsActive: 1
--- !u!4 &3702221492640430396
Transform:
  m_ObjectHideFlags: 0
  m_CorrespondingSourceObject: {fileID: 0}
  m_PrefabInstance: {fileID: 0}
  m_PrefabAsset: {fileID: 0}
  m_GameObject: {fileID: 3702221492640130332}
  m_LocalRotation: {x: -0.07767317, y: 0.0839258, z: -0.0029016384, w: 0.9934359}
  m_LocalPosition: {x: 0.081806876, y: 0.009300272, z: 0.096346125}
  m_LocalScale: {x: 1, y: 1, z: 1}
  m_Children:
  - {fileID: 3702221492640430384}
  m_Father: {fileID: 3702221492640430336}
  m_RootOrder: 0
  m_LocalEulerAnglesHint: {x: 0, y: 0, z: 0}
--- !u!1 &3702221492640130334
GameObject:
  m_ObjectHideFlags: 0
  m_CorrespondingSourceObject: {fileID: 0}
  m_PrefabInstance: {fileID: 0}
  m_PrefabAsset: {fileID: 0}
  serializedVersion: 6
  m_Component:
  - component: {fileID: 3702221492640430398}
  m_Layer: 0
  m_Name: EthanRightBlink
  m_TagString: Untagged
  m_Icon: {fileID: 0}
  m_NavMeshLayer: 0
  m_StaticEditorFlags: 0
  m_IsActive: 1
--- !u!4 &3702221492640430398
Transform:
  m_ObjectHideFlags: 0
  m_CorrespondingSourceObject: {fileID: 0}
  m_PrefabInstance: {fileID: 0}
  m_PrefabAsset: {fileID: 0}
  m_GameObject: {fileID: 3702221492640130334}
  m_LocalRotation: {x: -0.44628233, y: 0.55759704, z: 0.54723495, w: -0.43640757}
  m_LocalPosition: {x: -0.08582671, y: -0.07248995, z: 0.033750787}
  m_LocalScale: {x: 1, y: 1, z: 1}
  m_Children: []
  m_Father: {fileID: 3702221492640430482}
  m_RootOrder: 5
  m_LocalEulerAnglesHint: {x: 0, y: 0, z: 0}
--- !u!1 &3702221492640130336
GameObject:
  m_ObjectHideFlags: 0
  m_CorrespondingSourceObject: {fileID: 0}
  m_PrefabInstance: {fileID: 0}
  m_PrefabAsset: {fileID: 0}
  serializedVersion: 6
  m_Component:
  - component: {fileID: 3702221492640430528}
  m_Layer: 0
  m_Name: EthanLowerLip
  m_TagString: Untagged
  m_Icon: {fileID: 0}
  m_NavMeshLayer: 0
  m_StaticEditorFlags: 0
  m_IsActive: 1
--- !u!4 &3702221492640430528
Transform:
  m_ObjectHideFlags: 0
  m_CorrespondingSourceObject: {fileID: 0}
  m_PrefabInstance: {fileID: 0}
  m_PrefabAsset: {fileID: 0}
  m_GameObject: {fileID: 3702221492640130336}
  m_LocalRotation: {x: 0, y: -0, z: -0, w: 1}
  m_LocalPosition: {x: 0.057204966, y: 0.0049228696, z: -0.014469165}
  m_LocalScale: {x: 1, y: 1, z: 1}
  m_Children: []
  m_Father: {fileID: 3702221492640430472}
  m_RootOrder: 1
  m_LocalEulerAnglesHint: {x: 0, y: 0, z: 0}
--- !u!1 &3702221492640130338
GameObject:
  m_ObjectHideFlags: 0
  m_CorrespondingSourceObject: {fileID: 0}
  m_PrefabInstance: {fileID: 0}
  m_PrefabAsset: {fileID: 0}
  serializedVersion: 6
  m_Component:
  - component: {fileID: 3702221492640430530}
  m_Layer: 0
  m_Name: EthanNeck
  m_TagString: Untagged
  m_Icon: {fileID: 0}
  m_NavMeshLayer: 0
  m_StaticEditorFlags: 0
  m_IsActive: 1
--- !u!4 &3702221492640430530
Transform:
  m_ObjectHideFlags: 0
  m_CorrespondingSourceObject: {fileID: 0}
  m_PrefabInstance: {fileID: 0}
  m_PrefabAsset: {fileID: 0}
  m_GameObject: {fileID: 3702221492640130338}
  m_LocalRotation: {x: -7.318979e-17, y: 1.4170987e-17, z: -0.13052638, w: 0.9914448}
  m_LocalPosition: {x: -0.12697862, y: 0.02224573, z: -0.00000028315998}
  m_LocalScale: {x: 1, y: 1, z: 1}
  m_Children:
  - {fileID: 3702221492640430482}
  - {fileID: 3702221492640430542}
  - {fileID: 3702221492640430336}
  m_Father: {fileID: 3702221492640430448}
  m_RootOrder: 0
  m_LocalEulerAnglesHint: {x: 0, y: 0, z: 0}
--- !u!1 &3702221492640130340
GameObject:
  m_ObjectHideFlags: 0
  m_CorrespondingSourceObject: {fileID: 0}
  m_PrefabInstance: {fileID: 0}
  m_PrefabAsset: {fileID: 0}
  serializedVersion: 6
  m_Component:
  - component: {fileID: 3702221492640430532}
  m_Layer: 0
  m_Name: EthanLeftUpLeg
  m_TagString: Untagged
  m_Icon: {fileID: 0}
  m_NavMeshLayer: 0
  m_StaticEditorFlags: 0
  m_IsActive: 1
--- !u!4 &3702221492640430532
Transform:
  m_ObjectHideFlags: 0
  m_CorrespondingSourceObject: {fileID: 0}
  m_PrefabInstance: {fileID: 0}
  m_PrefabAsset: {fileID: 0}
  m_GameObject: {fileID: 3702221492640130340}
  m_LocalRotation: {x: 0.009854246, y: 0.9996559, z: -0.0031334888, w: 0.024108019}
  m_LocalPosition: {x: 0.044804916, y: -0.00400244, z: -0.07436281}
  m_LocalScale: {x: 1, y: 1, z: 1}
  m_Children:
  - {fileID: 3702221492640430546}
  m_Father: {fileID: 3702221492640430452}
  m_RootOrder: 0
  m_LocalEulerAnglesHint: {x: 0, y: 0, z: 0}
--- !u!1 &3702221492640130342
GameObject:
  m_ObjectHideFlags: 0
  m_CorrespondingSourceObject: {fileID: 0}
  m_PrefabInstance: {fileID: 0}
  m_PrefabAsset: {fileID: 0}
  serializedVersion: 6
  m_Component:
  - component: {fileID: 3702221492640430534}
  m_Layer: 0
  m_Name: EthanLeftUpperLip
  m_TagString: Untagged
  m_Icon: {fileID: 0}
  m_NavMeshLayer: 0
  m_StaticEditorFlags: 0
  m_IsActive: 1
--- !u!4 &3702221492640430534
Transform:
  m_ObjectHideFlags: 0
  m_CorrespondingSourceObject: {fileID: 0}
  m_PrefabInstance: {fileID: 0}
  m_PrefabAsset: {fileID: 0}
  m_GameObject: {fileID: 3702221492640130342}
  m_LocalRotation: {x: -0.5, y: 0.5, z: 0.5000007, w: -0.49999928}
  m_LocalPosition: {x: 0.14274777, y: -0.075114705, z: -0.014378637}
  m_LocalScale: {x: 1, y: 1, z: 1}
  m_Children: []
  m_Father: {fileID: 3702221492640430476}
  m_RootOrder: 1
  m_LocalEulerAnglesHint: {x: 0, y: 0, z: 0}
--- !u!1 &3702221492640130344
GameObject:
  m_ObjectHideFlags: 0
  m_CorrespondingSourceObject: {fileID: 0}
  m_PrefabInstance: {fileID: 0}
  m_PrefabAsset: {fileID: 0}
  serializedVersion: 6
  m_Component:
  - component: {fileID: 3702221492640430536}
  m_Layer: 0
  m_Name: EthanLeftToe1
  m_TagString: Untagged
  m_Icon: {fileID: 0}
  m_NavMeshLayer: 0
  m_StaticEditorFlags: 0
  m_IsActive: 1
--- !u!4 &3702221492640430536
Transform:
  m_ObjectHideFlags: 0
  m_CorrespondingSourceObject: {fileID: 0}
  m_PrefabInstance: {fileID: 0}
  m_PrefabAsset: {fileID: 0}
  m_GameObject: {fileID: 3702221492640130344}
  m_LocalRotation: {x: 7.3885096e-18, y: -8.589314e-17, z: -0.7071068, w: 0.7071068}
  m_LocalPosition: {x: -0.085517354, y: -0.11005712, z: -0.0000006698085}
  m_LocalScale: {x: 1, y: 1, z: 1}
  m_Children:
  - {fileID: 3702221492640430538}
  m_Father: {fileID: 3702221492640430588}
  m_RootOrder: 0
  m_LocalEulerAnglesHint: {x: 0, y: 0, z: 0}
--- !u!1 &3702221492640130346
GameObject:
  m_ObjectHideFlags: 0
  m_CorrespondingSourceObject: {fileID: 0}
  m_PrefabInstance: {fileID: 0}
  m_PrefabAsset: {fileID: 0}
  serializedVersion: 6
  m_Component:
  - component: {fileID: 3702221492640430538}
  m_Layer: 0
  m_Name: EthanLeftToe2
  m_TagString: Untagged
  m_Icon: {fileID: 0}
  m_NavMeshLayer: 0
  m_StaticEditorFlags: 0
  m_IsActive: 1
--- !u!4 &3702221492640430538
Transform:
  m_ObjectHideFlags: 0
  m_CorrespondingSourceObject: {fileID: 0}
  m_PrefabInstance: {fileID: 0}
  m_PrefabAsset: {fileID: 0}
  m_GameObject: {fileID: 3702221492640130346}
  m_LocalRotation: {x: 1, y: -5.6351963e-23, z: 1.110223e-16, w: -0.00000068451953}
  m_LocalPosition: {x: 0.08174267, y: -0.000000009601407, z: -0.00000029316797}
  m_LocalScale: {x: 1, y: 1, z: 1}
  m_Children: []
  m_Father: {fileID: 3702221492640430536}
  m_RootOrder: 0
  m_LocalEulerAnglesHint: {x: 0, y: 0, z: 0}
--- !u!1 &3702221492640130348
GameObject:
  m_ObjectHideFlags: 0
  m_CorrespondingSourceObject: {fileID: 0}
  m_PrefabInstance: {fileID: 0}
  m_PrefabAsset: {fileID: 0}
  serializedVersion: 6
  m_Component:
  - component: {fileID: 3702221492640430540}
  m_Layer: 0
  m_Name: EthanLeftLowerLip
  m_TagString: Untagged
  m_Icon: {fileID: 0}
  m_NavMeshLayer: 0
  m_StaticEditorFlags: 0
  m_IsActive: 1
--- !u!4 &3702221492640430540
Transform:
  m_ObjectHideFlags: 0
  m_CorrespondingSourceObject: {fileID: 0}
  m_PrefabInstance: {fileID: 0}
  m_PrefabAsset: {fileID: 0}
  m_GameObject: {fileID: 3702221492640130348}
  m_LocalRotation: {x: 5.54211e-23, y: 0, z: -0, w: 1}
  m_LocalPosition: {x: 0.044976283, y: -0.009381128, z: -0.014150948}
  m_LocalScale: {x: 1, y: 1, z: 1}
  m_Children: []
  m_Father: {fileID: 3702221492640430472}
  m_RootOrder: 0
  m_LocalEulerAnglesHint: {x: 0, y: 0, z: 0}
--- !u!1 &3702221492640130350
GameObject:
  m_ObjectHideFlags: 0
  m_CorrespondingSourceObject: {fileID: 0}
  m_PrefabInstance: {fileID: 0}
  m_PrefabAsset: {fileID: 0}
  serializedVersion: 6
  m_Component:
  - component: {fileID: 3702221492640430542}
  m_Layer: 0
  m_Name: EthanLeftShoulder
  m_TagString: Untagged
  m_Icon: {fileID: 0}
  m_NavMeshLayer: 0
  m_StaticEditorFlags: 0
  m_IsActive: 1
--- !u!4 &3702221492640430542
Transform:
  m_ObjectHideFlags: 0
  m_CorrespondingSourceObject: {fileID: 0}
  m_PrefabInstance: {fileID: 0}
  m_PrefabAsset: {fileID: 0}
  m_GameObject: {fileID: 3702221492640130350}
  m_LocalRotation: {x: -0.53267485, y: -0.07034298, z: 0.8361329, w: -0.110413834}
  m_LocalPosition: {x: 0.00002230769, y: -0.00006137982, z: -0.026027031}
  m_LocalScale: {x: 1, y: 1, z: 1}
  m_Children:
  - {fileID: 3702221492640430474}
  m_Father: {fileID: 3702221492640430530}
  m_RootOrder: 1
  m_LocalEulerAnglesHint: {x: 0, y: 0, z: 0}
--- !u!1 &3702221492640130352
GameObject:
  m_ObjectHideFlags: 0
  m_CorrespondingSourceObject: {fileID: 0}
  m_PrefabInstance: {fileID: 0}
  m_PrefabAsset: {fileID: 0}
  serializedVersion: 6
  m_Component:
  - component: {fileID: 3702221492640430544}
  m_Layer: 0
  m_Name: EthanLeftHandThumb4
  m_TagString: Untagged
  m_Icon: {fileID: 0}
  m_NavMeshLayer: 0
  m_StaticEditorFlags: 0
  m_IsActive: 1
--- !u!4 &3702221492640430544
Transform:
  m_ObjectHideFlags: 0
  m_CorrespondingSourceObject: {fileID: 0}
  m_PrefabInstance: {fileID: 0}
  m_PrefabAsset: {fileID: 0}
  m_GameObject: {fileID: 3702221492640130352}
  m_LocalRotation: {x: 2.220446e-16, y: 0, z: -0, w: 1}
  m_LocalPosition: {x: -0.016609639, y: 0.007850524, z: -0.014726918}
  m_LocalScale: {x: 1, y: 1, z: 1}
  m_Children: []
  m_Father: {fileID: 3702221492640430550}
  m_RootOrder: 0
  m_LocalEulerAnglesHint: {x: 0, y: 0, z: 0}
--- !u!1 &3702221492640130354
GameObject:
  m_ObjectHideFlags: 0
  m_CorrespondingSourceObject: {fileID: 0}
  m_PrefabInstance: {fileID: 0}
  m_PrefabAsset: {fileID: 0}
  serializedVersion: 6
  m_Component:
  - component: {fileID: 3702221492640430546}
  m_Layer: 0
  m_Name: EthanLeftLeg
  m_TagString: Untagged
  m_Icon: {fileID: 0}
  m_NavMeshLayer: 0
  m_StaticEditorFlags: 0
  m_IsActive: 1
--- !u!4 &3702221492640430546
Transform:
  m_ObjectHideFlags: 0
  m_CorrespondingSourceObject: {fileID: 0}
  m_PrefabInstance: {fileID: 0}
  m_PrefabAsset: {fileID: 0}
  m_GameObject: {fileID: 3702221492640130354}
  m_LocalRotation: {x: 0, y: 0, z: 0.16876774, w: 0.98565584}
  m_LocalPosition: {x: -0.3529785, y: -0.047479518, z: 0.03461981}
  m_LocalScale: {x: 1, y: 1, z: 1}
  m_Children:
  - {fileID: 3702221492640430588}
  m_Father: {fileID: 3702221492640430532}
  m_RootOrder: 0
  m_LocalEulerAnglesHint: {x: 0, y: 0, z: 0}
--- !u!1 &3702221492640130356
GameObject:
  m_ObjectHideFlags: 0
  m_CorrespondingSourceObject: {fileID: 0}
  m_PrefabInstance: {fileID: 0}
  m_PrefabAsset: {fileID: 0}
  serializedVersion: 6
  m_Component:
  - component: {fileID: 3702221492640430548}
  m_Layer: 0
  m_Name: EthanLeftHandThumb2
  m_TagString: Untagged
  m_Icon: {fileID: 0}
  m_NavMeshLayer: 0
  m_StaticEditorFlags: 0
  m_IsActive: 1
--- !u!4 &3702221492640430548
Transform:
  m_ObjectHideFlags: 0
  m_CorrespondingSourceObject: {fileID: 0}
  m_PrefabInstance: {fileID: 0}
  m_PrefabAsset: {fileID: 0}
  m_GameObject: {fileID: 3702221492640130356}
  m_LocalRotation: {x: -0.0000036570261, y: 0.00000042860046, z: -0.11640247, w: 0.99320215}
  m_LocalPosition: {x: -0.0031383773, y: 0.025515735, z: -0.014984593}
  m_LocalScale: {x: 1, y: 1, z: 1}
  m_Children:
  - {fileID: 3702221492640430550}
  m_Father: {fileID: 3702221492640430554}
  m_RootOrder: 0
  m_LocalEulerAnglesHint: {x: 0, y: 0, z: 0}
--- !u!1 &3702221492640130358
GameObject:
  m_ObjectHideFlags: 0
  m_CorrespondingSourceObject: {fileID: 0}
  m_PrefabInstance: {fileID: 0}
  m_PrefabAsset: {fileID: 0}
  serializedVersion: 6
  m_Component:
  - component: {fileID: 3702221492640430550}
  m_Layer: 0
  m_Name: EthanLeftHandThumb3
  m_TagString: Untagged
  m_Icon: {fileID: 0}
  m_NavMeshLayer: 0
  m_StaticEditorFlags: 0
  m_IsActive: 1
--- !u!4 &3702221492640430550
Transform:
  m_ObjectHideFlags: 0
  m_CorrespondingSourceObject: {fileID: 0}
  m_PrefabInstance: {fileID: 0}
  m_PrefabAsset: {fileID: 0}
  m_GameObject: {fileID: 3702221492640130358}
  m_LocalRotation: {x: 2.23766e-16, y: 1.7204874e-18, z: -0.11640189, w: 0.9932022}
  m_LocalPosition: {x: -0.010219031, y: 0.014567392, z: -0.012677365}
  m_LocalScale: {x: 1, y: 1, z: 1}
  m_Children:
  - {fileID: 3702221492640430544}
  m_Father: {fileID: 3702221492640430548}
  m_RootOrder: 0
  m_LocalEulerAnglesHint: {x: 0, y: 0, z: 0}
--- !u!1 &3702221492640130360
GameObject:
  m_ObjectHideFlags: 0
  m_CorrespondingSourceObject: {fileID: 0}
  m_PrefabInstance: {fileID: 0}
  m_PrefabAsset: {fileID: 0}
  serializedVersion: 6
  m_Component:
  - component: {fileID: 3702221492640430552}
  m_Layer: 0
  m_Name: EthanLeftHandRing4
  m_TagString: Untagged
  m_Icon: {fileID: 0}
  m_NavMeshLayer: 0
  m_StaticEditorFlags: 0
  m_IsActive: 1
--- !u!4 &3702221492640430552
Transform:
  m_ObjectHideFlags: 0
  m_CorrespondingSourceObject: {fileID: 0}
  m_PrefabInstance: {fileID: 0}
  m_PrefabAsset: {fileID: 0}
  m_GameObject: {fileID: 3702221492640130360}
  m_LocalRotation: {x: 0, y: -0, z: -0, w: 1}
  m_LocalPosition: {x: -0.01707594, y: 0.0025099975, z: 0.012105394}
  m_LocalScale: {x: 1, y: 1, z: 1}
  m_Children: []
  m_Father: {fileID: 3702221492640430558}
  m_RootOrder: 0
  m_LocalEulerAnglesHint: {x: 0, y: 0, z: 0}
--- !u!1 &3702221492640130362
GameObject:
  m_ObjectHideFlags: 0
  m_CorrespondingSourceObject: {fileID: 0}
  m_PrefabInstance: {fileID: 0}
  m_PrefabAsset: {fileID: 0}
  serializedVersion: 6
  m_Component:
  - component: {fileID: 3702221492640430554}
  m_Layer: 0
  m_Name: EthanLeftHandThumb1
  m_TagString: Untagged
  m_Icon: {fileID: 0}
  m_NavMeshLayer: 0
  m_StaticEditorFlags: 0
  m_IsActive: 1
--- !u!4 &3702221492640430554
Transform:
  m_ObjectHideFlags: 0
  m_CorrespondingSourceObject: {fileID: 0}
  m_PrefabInstance: {fileID: 0}
  m_PrefabAsset: {fileID: 0}
  m_GameObject: {fileID: 3702221492640130362}
  m_LocalRotation: {x: 0.6502113, y: -0.33336303, z: -0.0075111343, w: 0.6826698}
  m_LocalPosition: {x: -0.004633863, y: 0.028035661, z: 0.048953336}
  m_LocalScale: {x: 1, y: 1, z: 1}
  m_Children:
  - {fileID: 3702221492640430548}
  m_Father: {fileID: 3702221492640430584}
  m_RootOrder: 4
  m_LocalEulerAnglesHint: {x: 0, y: 0, z: 0}
--- !u!1 &3702221492640130364
GameObject:
  m_ObjectHideFlags: 0
  m_CorrespondingSourceObject: {fileID: 0}
  m_PrefabInstance: {fileID: 0}
  m_PrefabAsset: {fileID: 0}
  serializedVersion: 6
  m_Component:
  - component: {fileID: 3702221492640430556}
  m_Layer: 0
  m_Name: EthanLeftHandRing2
  m_TagString: Untagged
  m_Icon: {fileID: 0}
  m_NavMeshLayer: 0
  m_StaticEditorFlags: 0
  m_IsActive: 1
--- !u!4 &3702221492640430556
Transform:
  m_ObjectHideFlags: 0
  m_CorrespondingSourceObject: {fileID: 0}
  m_PrefabInstance: {fileID: 0}
  m_PrefabAsset: {fileID: 0}
  m_GameObject: {fileID: 3702221492640130364}
  m_LocalRotation: {x: 4.06903e-17, y: 7.776901e-17, z: -0.1596144, w: 0.98717946}
  m_LocalPosition: {x: -0.009746879, y: 0.022168977, z: 0.013826583}
  m_LocalScale: {x: 1, y: 1, z: 1}
  m_Children:
  - {fileID: 3702221492640430558}
  m_Father: {fileID: 3702221492640430562}
  m_RootOrder: 0
  m_LocalEulerAnglesHint: {x: 0, y: 0, z: 0}
--- !u!1 &3702221492640130366
GameObject:
  m_ObjectHideFlags: 0
  m_CorrespondingSourceObject: {fileID: 0}
  m_PrefabInstance: {fileID: 0}
  m_PrefabAsset: {fileID: 0}
  serializedVersion: 6
  m_Component:
  - component: {fileID: 3702221492640430558}
  m_Layer: 0
  m_Name: EthanLeftHandRing3
  m_TagString: Untagged
  m_Icon: {fileID: 0}
  m_NavMeshLayer: 0
  m_StaticEditorFlags: 0
  m_IsActive: 1
--- !u!4 &3702221492640430558
Transform:
  m_ObjectHideFlags: 0
  m_CorrespondingSourceObject: {fileID: 0}
  m_PrefabInstance: {fileID: 0}
  m_PrefabAsset: {fileID: 0}
  m_GameObject: {fileID: 3702221492640130366}
  m_LocalRotation: {x: -2.7681588e-17, y: 2.0252812e-18, z: -0.072968446, w: 0.9973343}
  m_LocalPosition: {x: -0.015402557, y: 0.007800675, z: 0.011749413}
  m_LocalScale: {x: 1, y: 1, z: 1}
  m_Children:
  - {fileID: 3702221492640430552}
  m_Father: {fileID: 3702221492640430556}
  m_RootOrder: 0
  m_LocalEulerAnglesHint: {x: 0, y: 0, z: 0}
--- !u!1 &3702221492640130384
GameObject:
  m_ObjectHideFlags: 0
  m_CorrespondingSourceObject: {fileID: 0}
  m_PrefabInstance: {fileID: 0}
  m_PrefabAsset: {fileID: 0}
  serializedVersion: 6
  m_Component:
  - component: {fileID: 3702221492640430448}
  m_Layer: 0
  m_Name: EthanSpine2
  m_TagString: Untagged
  m_Icon: {fileID: 0}
  m_NavMeshLayer: 0
  m_StaticEditorFlags: 0
  m_IsActive: 1
--- !u!4 &3702221492640430448
Transform:
  m_ObjectHideFlags: 0
  m_CorrespondingSourceObject: {fileID: 0}
  m_PrefabInstance: {fileID: 0}
  m_PrefabAsset: {fileID: 0}
  m_GameObject: {fileID: 3702221492640130384}
  m_LocalRotation: {x: -1.0587912e-22, y: -7.34684e-40, z: 6.938894e-18, w: 1}
  m_LocalPosition: {x: -0.12695539, y: 0.022281736, z: -0.0000002830808}
  m_LocalScale: {x: 1, y: 1, z: 1}
  m_Children:
  - {fileID: 3702221492640430530}
  m_Father: {fileID: 3702221492640430454}
  m_RootOrder: 0
  m_LocalEulerAnglesHint: {x: 0, y: 0, z: 0}
--- !u!1 &3702221492640130386
GameObject:
  m_ObjectHideFlags: 0
  m_CorrespondingSourceObject: {fileID: 0}
  m_PrefabInstance: {fileID: 0}
  m_PrefabAsset: {fileID: 0}
  serializedVersion: 6
  m_Component:
  - component: {fileID: 3702221492640430450}
  m_Layer: 0
  m_Name: EthanUpperLip
  m_TagString: Untagged
  m_Icon: {fileID: 0}
  m_NavMeshLayer: 0
  m_StaticEditorFlags: 0
  m_IsActive: 1
--- !u!4 &3702221492640430450
Transform:
  m_ObjectHideFlags: 0
  m_CorrespondingSourceObject: {fileID: 0}
  m_PrefabInstance: {fileID: 0}
  m_PrefabAsset: {fileID: 0}
  m_GameObject: {fileID: 3702221492640130386}
  m_LocalRotation: {x: -0.5, y: 0.5, z: 0.5000007, w: -0.49999928}
  m_LocalPosition: {x: 0.14274773, y: -0.087347545, z: -0.00007465846}
  m_LocalScale: {x: 1, y: 1, z: 1}
  m_Children: []
  m_Father: {fileID: 3702221492640430476}
  m_RootOrder: 4
  m_LocalEulerAnglesHint: {x: 0, y: 0, z: 0}
--- !u!1 &3702221492640130388
GameObject:
  m_ObjectHideFlags: 0
  m_CorrespondingSourceObject: {fileID: 0}
  m_PrefabInstance: {fileID: 0}
  m_PrefabAsset: {fileID: 0}
  serializedVersion: 6
  m_Component:
  - component: {fileID: 3702221492640430452}
  m_Layer: 0
  m_Name: EthanSpine
  m_TagString: Untagged
  m_Icon: {fileID: 0}
  m_NavMeshLayer: 0
  m_StaticEditorFlags: 0
  m_IsActive: 1
--- !u!4 &3702221492640430452
Transform:
  m_ObjectHideFlags: 0
  m_CorrespondingSourceObject: {fileID: 0}
  m_PrefabInstance: {fileID: 0}
  m_PrefabAsset: {fileID: 0}
  m_GameObject: {fileID: 3702221492640130388}
  m_LocalRotation: {x: -0.0000020492112, y: 0.0000006409474, z: 0.043222737, w: 0.99906546}
  m_LocalPosition: {x: -0.044983033, y: 0.00011812973, z: -0.000000026061407}
  m_LocalScale: {x: 1, y: 1, z: 1}
  m_Children:
  - {fileID: 3702221492640430532}
  - {fileID: 3702221492640430462}
  - {fileID: 3702221492640430454}
  m_Father: {fileID: 3702221492640430478}
  m_RootOrder: 0
  m_LocalEulerAnglesHint: {x: 0, y: 0, z: 0}
--- !u!1 &3702221492640130390
GameObject:
  m_ObjectHideFlags: 0
  m_CorrespondingSourceObject: {fileID: 0}
  m_PrefabInstance: {fileID: 0}
  m_PrefabAsset: {fileID: 0}
  serializedVersion: 6
  m_Component:
  - component: {fileID: 3702221492640430454}
  m_Layer: 0
  m_Name: EthanSpine1
  m_TagString: Untagged
  m_Icon: {fileID: 0}
  m_NavMeshLayer: 0
  m_StaticEditorFlags: 0
  m_IsActive: 1
--- !u!4 &3702221492640430454
Transform:
  m_ObjectHideFlags: 0
  m_CorrespondingSourceObject: {fileID: 0}
  m_PrefabInstance: {fileID: 0}
  m_PrefabAsset: {fileID: 0}
  m_GameObject: {fileID: 3702221492640130390}
  m_LocalRotation: {x: -1.0587912e-22, y: -7.34684e-40, z: 6.938894e-18, w: 1}
  m_LocalPosition: {x: -0.14667831, y: 0.025727088, z: -0.0000003282363}
  m_LocalScale: {x: 1, y: 1, z: 1}
  m_Children:
  - {fileID: 3702221492640430448}
  m_Father: {fileID: 3702221492640430452}
  m_RootOrder: 2
  m_LocalEulerAnglesHint: {x: 0, y: 0, z: 0}
--- !u!1 &3702221492640130392
GameObject:
  m_ObjectHideFlags: 0
  m_CorrespondingSourceObject: {fileID: 0}
  m_PrefabInstance: {fileID: 0}
  m_PrefabAsset: {fileID: 0}
  serializedVersion: 6
  m_Component:
  - component: {fileID: 3702221492640430456}
  m_Layer: 0
  m_Name: EthanRightUpperLip
  m_TagString: Untagged
  m_Icon: {fileID: 0}
  m_NavMeshLayer: 0
  m_StaticEditorFlags: 0
  m_IsActive: 1
--- !u!4 &3702221492640430456
Transform:
  m_ObjectHideFlags: 0
  m_CorrespondingSourceObject: {fileID: 0}
  m_PrefabInstance: {fileID: 0}
  m_PrefabAsset: {fileID: 0}
  m_GameObject: {fileID: 3702221492640130392}
  m_LocalRotation: {x: -0.5, y: 0.5, z: 0.5000007, w: -0.49999928}
  m_LocalPosition: {x: 0.14274772, y: -0.07511473, z: 0.014226249}
  m_LocalScale: {x: 1, y: 1, z: 1}
  m_Children: []
  m_Father: {fileID: 3702221492640430476}
  m_RootOrder: 3
  m_LocalEulerAnglesHint: {x: 0, y: 0, z: 0}
--- !u!1 &3702221492640130394
GameObject:
  m_ObjectHideFlags: 0
  m_CorrespondingSourceObject: {fileID: 0}
  m_PrefabInstance: {fileID: 0}
  m_PrefabAsset: {fileID: 0}
  serializedVersion: 6
  m_Component:
  - component: {fileID: 3702221492640430458}
  m_Layer: 0
  m_Name: EthanSkeleton
  m_TagString: Untagged
  m_Icon: {fileID: 0}
  m_NavMeshLayer: 0
  m_StaticEditorFlags: 0
  m_IsActive: 1
--- !u!4 &3702221492640430458
Transform:
  m_ObjectHideFlags: 0
  m_CorrespondingSourceObject: {fileID: 0}
  m_PrefabInstance: {fileID: 0}
  m_PrefabAsset: {fileID: 0}
  m_GameObject: {fileID: 3702221492640130394}
  m_LocalRotation: {x: 0, y: -0, z: -0, w: 1}
  m_LocalPosition: {x: -0, y: 0, z: 0}
  m_LocalScale: {x: 1, y: 1, z: 1}
  m_Children:
  - {fileID: 3702221492640430478}
  m_Father: {fileID: 3702221492640430484}
  m_RootOrder: 2
  m_LocalEulerAnglesHint: {x: 0, y: 0, z: 0}
--- !u!1 &3702221492640130396
GameObject:
  m_ObjectHideFlags: 0
  m_CorrespondingSourceObject: {fileID: 0}
  m_PrefabInstance: {fileID: 0}
  m_PrefabAsset: {fileID: 0}
  serializedVersion: 6
  m_Component:
  - component: {fileID: 3702221492640430460}
  m_Layer: 0
  m_Name: EthanRightToe2
  m_TagString: Untagged
  m_Icon: {fileID: 0}
  m_NavMeshLayer: 0
  m_StaticEditorFlags: 0
  m_IsActive: 1
--- !u!4 &3702221492640430460
Transform:
  m_ObjectHideFlags: 0
  m_CorrespondingSourceObject: {fileID: 0}
  m_PrefabInstance: {fileID: 0}
  m_PrefabAsset: {fileID: 0}
  m_GameObject: {fileID: 3702221492640130396}
  m_LocalRotation: {x: -1.6724651e-16, y: 4.9321447e-33, z: -2.949027e-17, w: 1}
  m_LocalPosition: {x: 0.08174264, y: 0.000000049485, z: 0.00000019218783}
  m_LocalScale: {x: 1, y: 1, z: 1}
  m_Children: []
  m_Father: {fileID: 3702221492640430338}
  m_RootOrder: 0
  m_LocalEulerAnglesHint: {x: 0, y: 0, z: 0}
--- !u!1 &3702221492640130398
GameObject:
  m_ObjectHideFlags: 0
  m_CorrespondingSourceObject: {fileID: 0}
  m_PrefabInstance: {fileID: 0}
  m_PrefabAsset: {fileID: 0}
  serializedVersion: 6
  m_Component:
  - component: {fileID: 3702221492640430462}
  m_Layer: 0
  m_Name: EthanRightUpLeg
  m_TagString: Untagged
  m_Icon: {fileID: 0}
  m_NavMeshLayer: 0
  m_StaticEditorFlags: 0
  m_IsActive: 1
--- !u!4 &3702221492640430462
Transform:
  m_ObjectHideFlags: 0
  m_CorrespondingSourceObject: {fileID: 0}
  m_PrefabInstance: {fileID: 0}
  m_PrefabAsset: {fileID: 0}
  m_GameObject: {fileID: 3702221492640130398}
  m_LocalRotation: {x: 0.0098541705, y: 0.9996559, z: 0.0031362663, w: -0.024108129}
  m_LocalPosition: {x: 0.044804532, y: -0.004002823, z: 0.07436302}
  m_LocalScale: {x: 1, y: 1, z: 1}
  m_Children:
  - {fileID: 3702221492640430340}
  m_Father: {fileID: 3702221492640430452}
  m_RootOrder: 1
  m_LocalEulerAnglesHint: {x: 0, y: 0, z: 0}
--- !u!1 &3702221492640130400
GameObject:
  m_ObjectHideFlags: 0
  m_CorrespondingSourceObject: {fileID: 0}
  m_PrefabInstance: {fileID: 0}
  m_PrefabAsset: {fileID: 0}
  serializedVersion: 6
  m_Component:
  - component: {fileID: 3702221492640430336}
  m_Layer: 0
  m_Name: EthanRightShoulder
  m_TagString: Untagged
  m_Icon: {fileID: 0}
  m_NavMeshLayer: 0
  m_StaticEditorFlags: 0
  m_IsActive: 1
--- !u!4 &3702221492640430336
Transform:
  m_ObjectHideFlags: 0
  m_CorrespondingSourceObject: {fileID: 0}
  m_PrefabInstance: {fileID: 0}
  m_PrefabAsset: {fileID: 0}
  m_GameObject: {fileID: 3702221492640130400}
  m_LocalRotation: {x: 0.53267515, y: 0.07034045, z: 0.83613265, w: -0.11041513}
  m_LocalPosition: {x: 0.000022271464, y: -0.00006150465, z: 0.026027026}
  m_LocalScale: {x: 1, y: 1, z: 1}
  m_Children:
  - {fileID: 3702221492640430396}
  m_Father: {fileID: 3702221492640430530}
  m_RootOrder: 2
  m_LocalEulerAnglesHint: {x: 0, y: 0, z: 0}
--- !u!1 &3702221492640130402
GameObject:
  m_ObjectHideFlags: 0
  m_CorrespondingSourceObject: {fileID: 0}
  m_PrefabInstance: {fileID: 0}
  m_PrefabAsset: {fileID: 0}
  serializedVersion: 6
  m_Component:
  - component: {fileID: 3702221492640430338}
  m_Layer: 0
  m_Name: EthanRightToe1
  m_TagString: Untagged
  m_Icon: {fileID: 0}
  m_NavMeshLayer: 0
  m_StaticEditorFlags: 0
  m_IsActive: 1
--- !u!4 &3702221492640430338
Transform:
  m_ObjectHideFlags: 0
  m_CorrespondingSourceObject: {fileID: 0}
  m_PrefabInstance: {fileID: 0}
  m_PrefabAsset: {fileID: 0}
  m_GameObject: {fileID: 3702221492640130402}
  m_LocalRotation: {x: -1.3899192e-17, y: 3.352535e-17, z: -0.7071068, w: 0.7071068}
  m_LocalPosition: {x: -0.08551728, y: -0.11005718, z: 0.000000062032285}
  m_LocalScale: {x: 1, y: 1, z: 1}
  m_Children:
  - {fileID: 3702221492640430460}
  m_Father: {fileID: 3702221492640430390}
  m_RootOrder: 0
  m_LocalEulerAnglesHint: {x: 0, y: 0, z: 0}
--- !u!1 &3702221492640130404
GameObject:
  m_ObjectHideFlags: 0
  m_CorrespondingSourceObject: {fileID: 0}
  m_PrefabInstance: {fileID: 0}
  m_PrefabAsset: {fileID: 0}
  serializedVersion: 6
  m_Component:
  - component: {fileID: 3702221492640430340}
  m_Layer: 0
  m_Name: EthanRightLeg
  m_TagString: Untagged
  m_Icon: {fileID: 0}
  m_NavMeshLayer: 0
  m_StaticEditorFlags: 0
  m_IsActive: 1
--- !u!4 &3702221492640430340
Transform:
  m_ObjectHideFlags: 0
  m_CorrespondingSourceObject: {fileID: 0}
  m_PrefabInstance: {fileID: 0}
  m_PrefabAsset: {fileID: 0}
  m_GameObject: {fileID: 3702221492640130404}
  m_LocalRotation: {x: 0, y: 0, z: 0.16876684, w: 0.985656}
  m_LocalPosition: {x: -0.3529783, y: -0.04747951, z: -0.034621846}
  m_LocalScale: {x: 1, y: 1, z: 1}
  m_Children:
  - {fileID: 3702221492640430390}
  m_Father: {fileID: 3702221492640430462}
  m_RootOrder: 0
  m_LocalEulerAnglesHint: {x: 0, y: 0, z: 0}
--- !u!1 &3702221492640130406
GameObject:
  m_ObjectHideFlags: 0
  m_CorrespondingSourceObject: {fileID: 0}
  m_PrefabInstance: {fileID: 0}
  m_PrefabAsset: {fileID: 0}
  serializedVersion: 6
  m_Component:
  - component: {fileID: 3702221492640430342}
  m_Layer: 0
  m_Name: EthanRightLowerLip
  m_TagString: Untagged
  m_Icon: {fileID: 0}
  m_NavMeshLayer: 0
  m_StaticEditorFlags: 0
  m_IsActive: 1
--- !u!4 &3702221492640430342
Transform:
  m_ObjectHideFlags: 0
  m_CorrespondingSourceObject: {fileID: 0}
  m_PrefabInstance: {fileID: 0}
  m_PrefabAsset: {fileID: 0}
  m_GameObject: {fileID: 3702221492640130406}
  m_LocalRotation: {x: 0, y: -0, z: -0, w: 1}
  m_LocalPosition: {x: 0.044976283, y: 0.019223755, z: -0.014150911}
  m_LocalScale: {x: 1, y: 1, z: 1}
  m_Children: []
  m_Father: {fileID: 3702221492640430472}
  m_RootOrder: 2
  m_LocalEulerAnglesHint: {x: 0, y: 0, z: 0}
--- !u!1 &3702221492640130408
GameObject:
  m_ObjectHideFlags: 0
  m_CorrespondingSourceObject: {fileID: 0}
  m_PrefabInstance: {fileID: 0}
  m_PrefabAsset: {fileID: 0}
  serializedVersion: 6
  m_Component:
  - component: {fileID: 3702221492640430344}
  m_Layer: 0
  m_Name: EthanRightHandThumb3
  m_TagString: Untagged
  m_Icon: {fileID: 0}
  m_NavMeshLayer: 0
  m_StaticEditorFlags: 0
  m_IsActive: 1
--- !u!4 &3702221492640430344
Transform:
  m_ObjectHideFlags: 0
  m_CorrespondingSourceObject: {fileID: 0}
  m_PrefabInstance: {fileID: 0}
  m_PrefabAsset: {fileID: 0}
  m_GameObject: {fileID: 3702221492640130408}
  m_LocalRotation: {x: 7.94699e-17, y: -3.7259295e-17, z: -0.11640178, w: 0.9932022}
  m_LocalPosition: {x: -0.010218882, y: 0.014567167, z: 0.012677433}
  m_LocalScale: {x: 1, y: 1, z: 1}
  m_Children:
  - {fileID: 3702221492640430346}
  m_Father: {fileID: 3702221492640430350}
  m_RootOrder: 0
  m_LocalEulerAnglesHint: {x: 0, y: 0, z: 0}
--- !u!1 &3702221492640130410
GameObject:
  m_ObjectHideFlags: 0
  m_CorrespondingSourceObject: {fileID: 0}
  m_PrefabInstance: {fileID: 0}
  m_PrefabAsset: {fileID: 0}
  serializedVersion: 6
  m_Component:
  - component: {fileID: 3702221492640430346}
  m_Layer: 0
  m_Name: EthanRightHandThumb4
  m_TagString: Untagged
  m_Icon: {fileID: 0}
  m_NavMeshLayer: 0
  m_StaticEditorFlags: 0
  m_IsActive: 1
--- !u!4 &3702221492640430346
Transform:
  m_ObjectHideFlags: 0
  m_CorrespondingSourceObject: {fileID: 0}
  m_PrefabInstance: {fileID: 0}
  m_PrefabAsset: {fileID: 0}
  m_GameObject: {fileID: 3702221492640130410}
  m_LocalRotation: {x: -0.8654032, y: 0, z: 0, w: 0.5010762}
  m_LocalPosition: {x: -0.016609553, y: 0.007850429, z: 0.0147271305}
  m_LocalScale: {x: 1, y: 1, z: 1}
  m_Children: []
  m_Father: {fileID: 3702221492640430344}
  m_RootOrder: 0
  m_LocalEulerAnglesHint: {x: 0, y: 0, z: 0}
--- !u!1 &3702221492640130412
GameObject:
  m_ObjectHideFlags: 0
  m_CorrespondingSourceObject: {fileID: 0}
  m_PrefabInstance: {fileID: 0}
  m_PrefabAsset: {fileID: 0}
  serializedVersion: 6
  m_Component:
  - component: {fileID: 3702221492640430348}
  m_Layer: 0
  m_Name: EthanRightHandThumb1
  m_TagString: Untagged
  m_Icon: {fileID: 0}
  m_NavMeshLayer: 0
  m_StaticEditorFlags: 0
  m_IsActive: 1
--- !u!4 &3702221492640430348
Transform:
  m_ObjectHideFlags: 0
  m_CorrespondingSourceObject: {fileID: 0}
  m_PrefabInstance: {fileID: 0}
  m_PrefabAsset: {fileID: 0}
  m_GameObject: {fileID: 3702221492640130412}
  m_LocalRotation: {x: -0.650211, y: 0.33336297, z: -0.0075102984, w: 0.6826701}
  m_LocalPosition: {x: -0.0046337163, y: 0.028035993, z: -0.04895318}
  m_LocalScale: {x: 1, y: 1, z: 1}
  m_Children:
  - {fileID: 3702221492640430350}
  m_Father: {fileID: 3702221492640430386}
  m_RootOrder: 4
  m_LocalEulerAnglesHint: {x: 0, y: 0, z: 0}
--- !u!1 &3702221492640130414
GameObject:
  m_ObjectHideFlags: 0
  m_CorrespondingSourceObject: {fileID: 0}
  m_PrefabInstance: {fileID: 0}
  m_PrefabAsset: {fileID: 0}
  serializedVersion: 6
  m_Component:
  - component: {fileID: 3702221492640430350}
  m_Layer: 0
  m_Name: EthanRightHandThumb2
  m_TagString: Untagged
  m_Icon: {fileID: 0}
  m_NavMeshLayer: 0
  m_StaticEditorFlags: 0
  m_IsActive: 1
--- !u!4 &3702221492640430350
Transform:
  m_ObjectHideFlags: 0
  m_CorrespondingSourceObject: {fileID: 0}
  m_PrefabInstance: {fileID: 0}
  m_PrefabAsset: {fileID: 0}
  m_GameObject: {fileID: 3702221492640130414}
  m_LocalRotation: {x: 0.00000281492, y: -0.00000032990587, z: -0.11640233, w: 0.99320215}
  m_LocalPosition: {x: -0.0031383634, y: 0.025515651, z: 0.014984788}
  m_LocalScale: {x: 1, y: 1, z: 1}
  m_Children:
  - {fileID: 3702221492640430344}
  m_Father: {fileID: 3702221492640430348}
  m_RootOrder: 0
  m_LocalEulerAnglesHint: {x: 0, y: 0, z: 0}
--- !u!1 &3702221492640130416
GameObject:
  m_ObjectHideFlags: 0
  m_CorrespondingSourceObject: {fileID: 0}
  m_PrefabInstance: {fileID: 0}
  m_PrefabAsset: {fileID: 0}
  serializedVersion: 6
  m_Component:
  - component: {fileID: 3702221492640430352}
  m_Layer: 0
  m_Name: EthanRightHandRing3
  m_TagString: Untagged
  m_Icon: {fileID: 0}
  m_NavMeshLayer: 0
  m_StaticEditorFlags: 0
  m_IsActive: 1
--- !u!4 &3702221492640430352
Transform:
  m_ObjectHideFlags: 0
  m_CorrespondingSourceObject: {fileID: 0}
  m_PrefabInstance: {fileID: 0}
  m_PrefabAsset: {fileID: 0}
  m_GameObject: {fileID: 3702221492640130416}
  m_LocalRotation: {x: -1.3334472e-16, y: 7.933038e-17, z: -0.07296851, w: 0.99733424}
  m_LocalPosition: {x: -0.015814971, y: 0.0064337812, z: -0.012026324}
  m_LocalScale: {x: 1, y: 1, z: 1}
  m_Children:
  - {fileID: 3702221492640430354}
  m_Father: {fileID: 3702221492640430358}
  m_RootOrder: 0
  m_LocalEulerAnglesHint: {x: 0, y: 0, z: 0}
--- !u!1 &3702221492640130418
GameObject:
  m_ObjectHideFlags: 0
  m_CorrespondingSourceObject: {fileID: 0}
  m_PrefabInstance: {fileID: 0}
  m_PrefabAsset: {fileID: 0}
  serializedVersion: 6
  m_Component:
  - component: {fileID: 3702221492640430354}
  m_Layer: 0
  m_Name: EthanRightHandRing4
  m_TagString: Untagged
  m_Icon: {fileID: 0}
  m_NavMeshLayer: 0
  m_StaticEditorFlags: 0
  m_IsActive: 1
--- !u!4 &3702221492640430354
Transform:
  m_ObjectHideFlags: 0
  m_CorrespondingSourceObject: {fileID: 0}
  m_PrefabInstance: {fileID: 0}
  m_PrefabAsset: {fileID: 0}
  m_GameObject: {fileID: 3702221492640130418}
  m_LocalRotation: {x: 0.4587139, y: 0, z: -0, w: 0.888584}
  m_LocalPosition: {x: -0.017074374, y: 0.0010487483, z: -0.012320689}
  m_LocalScale: {x: 1, y: 1, z: 1}
  m_Children: []
  m_Father: {fileID: 3702221492640430352}
  m_RootOrder: 0
  m_LocalEulerAnglesHint: {x: 0, y: 0, z: 0}
--- !u!1 &3702221492640130420
GameObject:
  m_ObjectHideFlags: 0
  m_CorrespondingSourceObject: {fileID: 0}
  m_PrefabInstance: {fileID: 0}
  m_PrefabAsset: {fileID: 0}
  serializedVersion: 6
  m_Component:
  - component: {fileID: 3702221492640430356}
  m_Layer: 0
  m_Name: EthanRightHandRing1
  m_TagString: Untagged
  m_Icon: {fileID: 0}
  m_NavMeshLayer: 0
  m_StaticEditorFlags: 0
  m_IsActive: 1
--- !u!4 &3702221492640430356
Transform:
  m_ObjectHideFlags: 0
  m_CorrespondingSourceObject: {fileID: 0}
  m_PrefabInstance: {fileID: 0}
  m_PrefabAsset: {fileID: 0}
  m_GameObject: {fileID: 3702221492640130420}
  m_LocalRotation: {x: 0.01895802, y: 0.051074695, z: -0.1681152, w: 0.9842608}
  m_LocalPosition: {x: 0.011635365, y: 0.09708646, z: -0.008494926}
  m_LocalScale: {x: 1, y: 1, z: 1}
  m_Children:
  - {fileID: 3702221492640430358}
  m_Father: {fileID: 3702221492640430386}
  m_RootOrder: 3
  m_LocalEulerAnglesHint: {x: 0, y: 0, z: 0}
--- !u!1 &3702221492640130422
GameObject:
  m_ObjectHideFlags: 0
  m_CorrespondingSourceObject: {fileID: 0}
  m_PrefabInstance: {fileID: 0}
  m_PrefabAsset: {fileID: 0}
  serializedVersion: 6
  m_Component:
  - component: {fileID: 3702221492640430358}
  m_Layer: 0
  m_Name: EthanRightHandRing2
  m_TagString: Untagged
  m_Icon: {fileID: 0}
  m_NavMeshLayer: 0
  m_StaticEditorFlags: 0
  m_IsActive: 1
--- !u!4 &3702221492640430358
Transform:
  m_ObjectHideFlags: 0
  m_CorrespondingSourceObject: {fileID: 0}
  m_PrefabInstance: {fileID: 0}
  m_PrefabAsset: {fileID: 0}
  m_GameObject: {fileID: 3702221492640130422}
  m_LocalRotation: {x: -7.7769007e-17, y: 4.0690305e-17, z: -0.15961444, w: 0.98717946}
  m_LocalPosition: {x: -0.011261935, y: 0.021090085, z: -0.014353217}
  m_LocalScale: {x: 1, y: 1, z: 1}
  m_Children:
  - {fileID: 3702221492640430352}
  m_Father: {fileID: 3702221492640430356}
  m_RootOrder: 0
  m_LocalEulerAnglesHint: {x: 0, y: 0, z: 0}
--- !u!1 &3702221492640130424
GameObject:
  m_ObjectHideFlags: 0
  m_CorrespondingSourceObject: {fileID: 0}
  m_PrefabInstance: {fileID: 0}
  m_PrefabAsset: {fileID: 0}
  serializedVersion: 6
  m_Component:
  - component: {fileID: 3702221492640430360}
  m_Layer: 0
  m_Name: EthanRightHandPinky3
  m_TagString: Untagged
  m_Icon: {fileID: 0}
  m_NavMeshLayer: 0
  m_StaticEditorFlags: 0
  m_IsActive: 1
--- !u!4 &3702221492640430360
Transform:
  m_ObjectHideFlags: 0
  m_CorrespondingSourceObject: {fileID: 0}
  m_PrefabInstance: {fileID: 0}
  m_PrefabAsset: {fileID: 0}
  m_GameObject: {fileID: 3702221492640130424}
  m_LocalRotation: {x: -1.63786e-16, y: 3.3168298e-17, z: -0.11640213, w: 0.9932022}
  m_LocalPosition: {x: -0.015650306, y: 0.004325165, z: -0.010911368}
  m_LocalScale: {x: 1, y: 1, z: 1}
  m_Children:
  - {fileID: 3702221492640430362}
  m_Father: {fileID: 3702221492640430366}
  m_RootOrder: 0
  m_LocalEulerAnglesHint: {x: 0, y: 0, z: 0}
--- !u!1 &3702221492640130426
GameObject:
  m_ObjectHideFlags: 0
  m_CorrespondingSourceObject: {fileID: 0}
  m_PrefabInstance: {fileID: 0}
  m_PrefabAsset: {fileID: 0}
  serializedVersion: 6
  m_Component:
  - component: {fileID: 3702221492640430362}
  m_Layer: 0
  m_Name: EthanRightHandPinky4
  m_TagString: Untagged
  m_Icon: {fileID: 0}
  m_NavMeshLayer: 0
  m_StaticEditorFlags: 0
  m_IsActive: 1
--- !u!4 &3702221492640430362
Transform:
  m_ObjectHideFlags: 0
  m_CorrespondingSourceObject: {fileID: 0}
  m_PrefabInstance: {fileID: 0}
  m_PrefabAsset: {fileID: 0}
  m_GameObject: {fileID: 3702221492640130426}
  m_LocalRotation: {x: 0.1938353, y: 4.4878757e-17, z: 1.2351859e-17, w: 0.9810341}
  m_LocalPosition: {x: -0.009746457, y: -0.002438951, z: -0.006764462}
  m_LocalScale: {x: 1, y: 1, z: 1}
  m_Children: []
  m_Father: {fileID: 3702221492640430360}
  m_RootOrder: 0
  m_LocalEulerAnglesHint: {x: 0, y: 0, z: 0}
--- !u!1 &3702221492640130428
GameObject:
  m_ObjectHideFlags: 0
  m_CorrespondingSourceObject: {fileID: 0}
  m_PrefabInstance: {fileID: 0}
  m_PrefabAsset: {fileID: 0}
  serializedVersion: 6
  m_Component:
  - component: {fileID: 3702221492640430364}
  m_Layer: 0
  m_Name: EthanRightHandPinky1
  m_TagString: Untagged
  m_Icon: {fileID: 0}
  m_NavMeshLayer: 0
  m_StaticEditorFlags: 0
  m_IsActive: 1
--- !u!4 &3702221492640430364
Transform:
  m_ObjectHideFlags: 0
  m_CorrespondingSourceObject: {fileID: 0}
  m_PrefabInstance: {fileID: 0}
  m_PrefabAsset: {fileID: 0}
  m_GameObject: {fileID: 3702221492640130428}
  m_LocalRotation: {x: 0.12116039, y: -0.020448012, z: -0.21505767, w: 0.96884066}
  m_LocalPosition: {x: -0.006750106, y: 0.09838347, z: 0.005122984}
  m_LocalScale: {x: 1, y: 1, z: 1}
  m_Children:
  - {fileID: 3702221492640430366}
  m_Father: {fileID: 3702221492640430386}
  m_RootOrder: 2
  m_LocalEulerAnglesHint: {x: 0, y: 0, z: 0}
--- !u!1 &3702221492640130430
GameObject:
  m_ObjectHideFlags: 0
  m_CorrespondingSourceObject: {fileID: 0}
  m_PrefabInstance: {fileID: 0}
  m_PrefabAsset: {fileID: 0}
  serializedVersion: 6
  m_Component:
  - component: {fileID: 3702221492640430366}
  m_Layer: 0
  m_Name: EthanRightHandPinky2
  m_TagString: Untagged
  m_Icon: {fileID: 0}
  m_NavMeshLayer: 0
  m_StaticEditorFlags: 0
  m_IsActive: 1
--- !u!4 &3702221492640430366
Transform:
  m_ObjectHideFlags: 0
  m_CorrespondingSourceObject: {fileID: 0}
  m_PrefabInstance: {fileID: 0}
  m_PrefabAsset: {fileID: 0}
  m_GameObject: {fileID: 3702221492640130430}
  m_LocalRotation: {x: 0.0011964677, y: -0.004420196, z: -0.10160574, w: 0.9948142}
  m_LocalPosition: {x: -0.010876534, y: 0.00954607, z: -0.009400739}
  m_LocalScale: {x: 1, y: 1, z: 1}
  m_Children:
  - {fileID: 3702221492640430360}
  m_Father: {fileID: 3702221492640430364}
  m_RootOrder: 0
  m_LocalEulerAnglesHint: {x: 0, y: 0, z: 0}
--- !u!1 &3702221492640130496
GameObject:
  m_ObjectHideFlags: 0
  m_CorrespondingSourceObject: {fileID: 0}
  m_PrefabInstance: {fileID: 0}
  m_PrefabAsset: {fileID: 0}
  serializedVersion: 6
  m_Component:
  - component: {fileID: 3702221492640430560}
  m_Layer: 0
  m_Name: EthanLeftHandPinky4
  m_TagString: Untagged
  m_Icon: {fileID: 0}
  m_NavMeshLayer: 0
  m_StaticEditorFlags: 0
  m_IsActive: 1
--- !u!4 &3702221492640430560
Transform:
  m_ObjectHideFlags: 0
  m_CorrespondingSourceObject: {fileID: 0}
  m_PrefabInstance: {fileID: 0}
  m_PrefabAsset: {fileID: 0}
  m_GameObject: {fileID: 3702221492640130496}
  m_LocalRotation: {x: 8.326673e-17, y: 1.3877788e-17, z: -6.938894e-18, w: 1}
  m_LocalPosition: {x: -0.009463298, y: -0.002946482, z: 0.006961719}
  m_LocalScale: {x: 1, y: 1, z: 1}
  m_Children: []
  m_Father: {fileID: 3702221492640430566}
  m_RootOrder: 0
  m_LocalEulerAnglesHint: {x: 0, y: 0, z: 0}
--- !u!1 &3702221492640130498
GameObject:
  m_ObjectHideFlags: 0
  m_CorrespondingSourceObject: {fileID: 0}
  m_PrefabInstance: {fileID: 0}
  m_PrefabAsset: {fileID: 0}
  serializedVersion: 6
  m_Component:
  - component: {fileID: 3702221492640430562}
  m_Layer: 0
  m_Name: EthanLeftHandRing1
  m_TagString: Untagged
  m_Icon: {fileID: 0}
  m_NavMeshLayer: 0
  m_StaticEditorFlags: 0
  m_IsActive: 1
--- !u!4 &3702221492640430562
Transform:
  m_ObjectHideFlags: 0
  m_CorrespondingSourceObject: {fileID: 0}
  m_PrefabInstance: {fileID: 0}
  m_PrefabAsset: {fileID: 0}
  m_GameObject: {fileID: 3702221492640130498}
  m_LocalRotation: {x: -0.013740255, y: -0.052063387, z: -0.15071444, w: 0.98710984}
  m_LocalPosition: {x: 0.011634815, y: 0.097086444, z: 0.00849549}
  m_LocalScale: {x: 1, y: 1, z: 1}
  m_Children:
  - {fileID: 3702221492640430556}
  m_Father: {fileID: 3702221492640430584}
  m_RootOrder: 3
  m_LocalEulerAnglesHint: {x: 0, y: 0, z: 0}
--- !u!1 &3702221492640130500
GameObject:
  m_ObjectHideFlags: 0
  m_CorrespondingSourceObject: {fileID: 0}
  m_PrefabInstance: {fileID: 0}
  m_PrefabAsset: {fileID: 0}
  serializedVersion: 6
  m_Component:
  - component: {fileID: 3702221492640430564}
  m_Layer: 0
  m_Name: EthanLeftHandPinky2
  m_TagString: Untagged
  m_Icon: {fileID: 0}
  m_NavMeshLayer: 0
  m_StaticEditorFlags: 0
  m_IsActive: 1
--- !u!4 &3702221492640430564
Transform:
  m_ObjectHideFlags: 0
  m_CorrespondingSourceObject: {fileID: 0}
  m_PrefabInstance: {fileID: 0}
  m_PrefabAsset: {fileID: 0}
  m_GameObject: {fileID: 3702221492640130500}
  m_LocalRotation: {x: 6.4616128e-18, y: 5.5133798e-17, z: -0.11640207, w: 0.9932022}
  m_LocalPosition: {x: -0.010750259, y: 0.009622569, z: 0.009467701}
  m_LocalScale: {x: 1, y: 1, z: 1}
  m_Children:
  - {fileID: 3702221492640430566}
  m_Father: {fileID: 3702221492640430570}
  m_RootOrder: 0
  m_LocalEulerAnglesHint: {x: 0, y: 0, z: 0}
--- !u!1 &3702221492640130502
GameObject:
  m_ObjectHideFlags: 0
  m_CorrespondingSourceObject: {fileID: 0}
  m_PrefabInstance: {fileID: 0}
  m_PrefabAsset: {fileID: 0}
  serializedVersion: 6
  m_Component:
  - component: {fileID: 3702221492640430566}
  m_Layer: 0
  m_Name: EthanLeftHandPinky3
  m_TagString: Untagged
  m_Icon: {fileID: 0}
  m_NavMeshLayer: 0
  m_StaticEditorFlags: 0
  m_IsActive: 1
--- !u!4 &3702221492640430566
Transform:
  m_ObjectHideFlags: 0
  m_CorrespondingSourceObject: {fileID: 0}
  m_PrefabInstance: {fileID: 0}
  m_PrefabAsset: {fileID: 0}
  m_GameObject: {fileID: 3702221492640130502}
  m_LocalRotation: {x: 1.0133036e-16, y: 3.0042495e-17, z: -0.11640236, w: 0.99320215}
  m_LocalPosition: {x: -0.0155973025, y: 0.0034428125, z: 0.0112945065}
  m_LocalScale: {x: 1, y: 1, z: 1}
  m_Children:
  - {fileID: 3702221492640430560}
  m_Father: {fileID: 3702221492640430564}
  m_RootOrder: 0
  m_LocalEulerAnglesHint: {x: 0, y: 0, z: 0}
--- !u!1 &3702221492640130504
GameObject:
  m_ObjectHideFlags: 0
  m_CorrespondingSourceObject: {fileID: 0}
  m_PrefabInstance: {fileID: 0}
  m_PrefabAsset: {fileID: 0}
  serializedVersion: 6
  m_Component:
  - component: {fileID: 3702221492640430568}
  m_Layer: 0
  m_Name: EthanLeftHandMiddle4
  m_TagString: Untagged
  m_Icon: {fileID: 0}
  m_NavMeshLayer: 0
  m_StaticEditorFlags: 0
  m_IsActive: 1
--- !u!4 &3702221492640430568
Transform:
  m_ObjectHideFlags: 0
  m_CorrespondingSourceObject: {fileID: 0}
  m_PrefabInstance: {fileID: 0}
  m_PrefabAsset: {fileID: 0}
  m_GameObject: {fileID: 3702221492640130504}
  m_LocalRotation: {x: 0, y: -0, z: -0, w: 1}
  m_LocalPosition: {x: -0.020049915, y: 0.0035380095, z: 0.012281134}
  m_LocalScale: {x: 1, y: 1, z: 1}
  m_Children: []
  m_Father: {fileID: 3702221492640430574}
  m_RootOrder: 0
  m_LocalEulerAnglesHint: {x: 0, y: 0, z: 0}
--- !u!1 &3702221492640130506
GameObject:
  m_ObjectHideFlags: 0
  m_CorrespondingSourceObject: {fileID: 0}
  m_PrefabInstance: {fileID: 0}
  m_PrefabAsset: {fileID: 0}
  serializedVersion: 6
  m_Component:
  - component: {fileID: 3702221492640430570}
  m_Layer: 0
  m_Name: EthanLeftHandPinky1
  m_TagString: Untagged
  m_Icon: {fileID: 0}
  m_NavMeshLayer: 0
  m_StaticEditorFlags: 0
  m_IsActive: 1
--- !u!4 &3702221492640430570
Transform:
  m_ObjectHideFlags: 0
  m_CorrespondingSourceObject: {fileID: 0}
  m_PrefabInstance: {fileID: 0}
  m_PrefabAsset: {fileID: 0}
  m_GameObject: {fileID: 3702221492640130506}
  m_LocalRotation: {x: -0.1283955, y: 0.023718992, z: -0.21078473, w: 0.96877337}
  m_LocalPosition: {x: -0.0067506824, y: 0.09838339, z: -0.0051224125}
  m_LocalScale: {x: 1, y: 1, z: 1}
  m_Children:
  - {fileID: 3702221492640430564}
  m_Father: {fileID: 3702221492640430584}
  m_RootOrder: 2
  m_LocalEulerAnglesHint: {x: 0, y: 0, z: 0}
--- !u!1 &3702221492640130508
GameObject:
  m_ObjectHideFlags: 0
  m_CorrespondingSourceObject: {fileID: 0}
  m_PrefabInstance: {fileID: 0}
  m_PrefabAsset: {fileID: 0}
  serializedVersion: 6
  m_Component:
  - component: {fileID: 3702221492640430572}
  m_Layer: 0
  m_Name: EthanLeftHandMiddle2
  m_TagString: Untagged
  m_Icon: {fileID: 0}
  m_NavMeshLayer: 0
  m_StaticEditorFlags: 0
  m_IsActive: 1
--- !u!4 &3702221492640430572
Transform:
  m_ObjectHideFlags: 0
  m_CorrespondingSourceObject: {fileID: 0}
  m_PrefabInstance: {fileID: 0}
  m_PrefabAsset: {fileID: 0}
  m_GameObject: {fileID: 3702221492640130508}
  m_LocalRotation: {x: 0.0048870984, y: -0.002689583, z: -0.24887775, w: 0.96851885}
  m_LocalPosition: {x: 0.0037795054, y: 0.030145722, z: 0.0116361305}
  m_LocalScale: {x: 1, y: 1, z: 1}
  m_Children:
  - {fileID: 3702221492640430574}
  m_Father: {fileID: 3702221492640430578}
  m_RootOrder: 0
  m_LocalEulerAnglesHint: {x: 0, y: 0, z: 0}
--- !u!1 &3702221492640130510
GameObject:
  m_ObjectHideFlags: 0
  m_CorrespondingSourceObject: {fileID: 0}
  m_PrefabInstance: {fileID: 0}
  m_PrefabAsset: {fileID: 0}
  serializedVersion: 6
  m_Component:
  - component: {fileID: 3702221492640430574}
  m_Layer: 0
  m_Name: EthanLeftHandMiddle3
  m_TagString: Untagged
  m_Icon: {fileID: 0}
  m_NavMeshLayer: 0
  m_StaticEditorFlags: 0
  m_IsActive: 1
--- !u!4 &3702221492640430574
Transform:
  m_ObjectHideFlags: 0
  m_CorrespondingSourceObject: {fileID: 0}
  m_PrefabInstance: {fileID: 0}
  m_PrefabAsset: {fileID: 0}
  m_GameObject: {fileID: 3702221492640130510}
  m_LocalRotation: {x: 6.1595415e-17, y: 4.8672184e-17, z: -0.116402104, w: 0.9932022}
  m_LocalPosition: {x: -0.017910194, y: 0.014384004, z: 0.013012275}
  m_LocalScale: {x: 1, y: 1, z: 1}
  m_Children:
  - {fileID: 3702221492640430568}
  m_Father: {fileID: 3702221492640430572}
  m_RootOrder: 0
  m_LocalEulerAnglesHint: {x: 0, y: 0, z: 0}
--- !u!1 &3702221492640130512
GameObject:
  m_ObjectHideFlags: 0
  m_CorrespondingSourceObject: {fileID: 0}
  m_PrefabInstance: {fileID: 0}
  m_PrefabAsset: {fileID: 0}
  serializedVersion: 6
  m_Component:
  - component: {fileID: 3702221492640430576}
  m_Layer: 0
  m_Name: EthanLeftHandIndex4
  m_TagString: Untagged
  m_Icon: {fileID: 0}
  m_NavMeshLayer: 0
  m_StaticEditorFlags: 0
  m_IsActive: 1
--- !u!4 &3702221492640430576
Transform:
  m_ObjectHideFlags: 0
  m_CorrespondingSourceObject: {fileID: 0}
  m_PrefabInstance: {fileID: 0}
  m_PrefabAsset: {fileID: 0}
  m_GameObject: {fileID: 3702221492640130512}
  m_LocalRotation: {x: 0, y: -0, z: -0, w: 1}
  m_LocalPosition: {x: -0.020055601, y: 0.0045873905, z: 0.007730915}
  m_LocalScale: {x: 1, y: 1, z: 1}
  m_Children: []
  m_Father: {fileID: 3702221492640430582}
  m_RootOrder: 0
  m_LocalEulerAnglesHint: {x: 0, y: 0, z: 0}
--- !u!1 &3702221492640130514
GameObject:
  m_ObjectHideFlags: 0
  m_CorrespondingSourceObject: {fileID: 0}
  m_PrefabInstance: {fileID: 0}
  m_PrefabAsset: {fileID: 0}
  serializedVersion: 6
  m_Component:
  - component: {fileID: 3702221492640430578}
  m_Layer: 0
  m_Name: EthanLeftHandMiddle1
  m_TagString: Untagged
  m_Icon: {fileID: 0}
  m_NavMeshLayer: 0
  m_StaticEditorFlags: 0
  m_IsActive: 1
--- !u!4 &3702221492640430578
Transform:
  m_ObjectHideFlags: 0
  m_CorrespondingSourceObject: {fileID: 0}
  m_PrefabInstance: {fileID: 0}
  m_PrefabAsset: {fileID: 0}
  m_GameObject: {fileID: 3702221492640130514}
  m_LocalRotation: {x: -0.044011682, y: 2.8034074e-17, z: -5.7106006e-18, w: 0.999031}
  m_LocalPosition: {x: 0.013394796, y: 0.084405266, z: 0.03165157}
  m_LocalScale: {x: 1, y: 1, z: 1}
  m_Children:
  - {fileID: 3702221492640430572}
  m_Father: {fileID: 3702221492640430584}
  m_RootOrder: 1
  m_LocalEulerAnglesHint: {x: 0, y: 0, z: 0}
--- !u!1 &3702221492640130516
GameObject:
  m_ObjectHideFlags: 0
  m_CorrespondingSourceObject: {fileID: 0}
  m_PrefabInstance: {fileID: 0}
  m_PrefabAsset: {fileID: 0}
  serializedVersion: 6
  m_Component:
  - component: {fileID: 3702221492640430580}
  m_Layer: 0
  m_Name: EthanLeftHandIndex2
  m_TagString: Untagged
  m_Icon: {fileID: 0}
  m_NavMeshLayer: 0
  m_StaticEditorFlags: 0
  m_IsActive: 1
--- !u!4 &3702221492640430580
Transform:
  m_ObjectHideFlags: 0
  m_CorrespondingSourceObject: {fileID: 0}
  m_PrefabInstance: {fileID: 0}
  m_PrefabAsset: {fileID: 0}
  m_GameObject: {fileID: 3702221492640130516}
  m_LocalRotation: {x: 1.3290538e-17, y: 8.219921e-17, z: -0.15961404, w: 0.9871795}
  m_LocalPosition: {x: 0.00022275507, y: 0.025879132, z: 0.010385311}
  m_LocalScale: {x: 1, y: 1, z: 1}
  m_Children:
  - {fileID: 3702221492640430582}
  m_Father: {fileID: 3702221492640430586}
  m_RootOrder: 0
  m_LocalEulerAnglesHint: {x: 0, y: 0, z: 0}
--- !u!1 &3702221492640130518
GameObject:
  m_ObjectHideFlags: 0
  m_CorrespondingSourceObject: {fileID: 0}
  m_PrefabInstance: {fileID: 0}
  m_PrefabAsset: {fileID: 0}
  serializedVersion: 6
  m_Component:
  - component: {fileID: 3702221492640430582}
  m_Layer: 0
  m_Name: EthanLeftHandIndex3
  m_TagString: Untagged
  m_Icon: {fileID: 0}
  m_NavMeshLayer: 0
  m_StaticEditorFlags: 0
  m_IsActive: 1
--- !u!4 &3702221492640430582
Transform:
  m_ObjectHideFlags: 0
  m_CorrespondingSourceObject: {fileID: 0}
  m_PrefabInstance: {fileID: 0}
  m_PrefabAsset: {fileID: 0}
  m_GameObject: {fileID: 3702221492640130518}
  m_LocalRotation: {x: 0.006962176, y: 0.043059573, z: -0.15946224, w: 0.9862399}
  m_LocalPosition: {x: -0.012793984, y: 0.016905012, z: 0.011081521}
  m_LocalScale: {x: 1, y: 1, z: 1}
  m_Children:
  - {fileID: 3702221492640430576}
  m_Father: {fileID: 3702221492640430580}
  m_RootOrder: 0
  m_LocalEulerAnglesHint: {x: 0, y: 0, z: 0}
--- !u!1 &3702221492640130520
GameObject:
  m_ObjectHideFlags: 0
  m_CorrespondingSourceObject: {fileID: 0}
  m_PrefabInstance: {fileID: 0}
  m_PrefabAsset: {fileID: 0}
  serializedVersion: 6
  m_Component:
  - component: {fileID: 3702221492640430584}
  m_Layer: 0
  m_Name: EthanLeftHand
  m_TagString: Untagged
  m_Icon: {fileID: 0}
  m_NavMeshLayer: 0
  m_StaticEditorFlags: 0
  m_IsActive: 1
--- !u!4 &3702221492640430584
Transform:
  m_ObjectHideFlags: 0
  m_CorrespondingSourceObject: {fileID: 0}
  m_PrefabInstance: {fileID: 0}
  m_PrefabAsset: {fileID: 0}
  m_GameObject: {fileID: 3702221492640130520}
  m_LocalRotation: {x: -0.70413613, y: -0.061654028, z: -0.061605077, w: 0.7046956}
  m_LocalPosition: {x: 0.070799686, y: 0.035503525, z: -0.14085448}
  m_LocalScale: {x: 1, y: 1, z: 1}
  m_Children:
  - {fileID: 3702221492640430586}
  - {fileID: 3702221492640430578}
  - {fileID: 3702221492640430570}
  - {fileID: 3702221492640430562}
  - {fileID: 3702221492640430554}
  m_Father: {fileID: 3702221492640430590}
  m_RootOrder: 0
  m_LocalEulerAnglesHint: {x: 0, y: 0, z: 0}
--- !u!1 &3702221492640130522
GameObject:
  m_ObjectHideFlags: 0
  m_CorrespondingSourceObject: {fileID: 0}
  m_PrefabInstance: {fileID: 0}
  m_PrefabAsset: {fileID: 0}
  serializedVersion: 6
  m_Component:
  - component: {fileID: 3702221492640430586}
  m_Layer: 0
  m_Name: EthanLeftHandIndex1
  m_TagString: Untagged
  m_Icon: {fileID: 0}
  m_NavMeshLayer: 0
  m_StaticEditorFlags: 0
  m_IsActive: 1
--- !u!4 &3702221492640430586
Transform:
  m_ObjectHideFlags: 0
  m_CorrespondingSourceObject: {fileID: 0}
  m_PrefabInstance: {fileID: 0}
  m_PrefabAsset: {fileID: 0}
  m_GameObject: {fileID: 3702221492640130522}
  m_LocalRotation: {x: 0.0015112518, y: -0.043594275, z: -0.043560736, w: 0.9980981}
  m_LocalPosition: {x: 0.018482484, y: 0.08044448, z: 0.051040206}
  m_LocalScale: {x: 1, y: 1, z: 1}
  m_Children:
  - {fileID: 3702221492640430580}
  m_Father: {fileID: 3702221492640430584}
  m_RootOrder: 0
  m_LocalEulerAnglesHint: {x: 0, y: 0, z: 0}
--- !u!1 &3702221492640130524
GameObject:
  m_ObjectHideFlags: 0
  m_CorrespondingSourceObject: {fileID: 0}
  m_PrefabInstance: {fileID: 0}
  m_PrefabAsset: {fileID: 0}
  serializedVersion: 6
  m_Component:
  - component: {fileID: 3702221492640430588}
  m_Layer: 0
  m_Name: EthanLeftFoot
  m_TagString: Untagged
  m_Icon: {fileID: 0}
  m_NavMeshLayer: 0
  m_StaticEditorFlags: 0
  m_IsActive: 1
--- !u!4 &3702221492640430588
Transform:
  m_ObjectHideFlags: 0
  m_CorrespondingSourceObject: {fileID: 0}
  m_PrefabInstance: {fileID: 0}
  m_PrefabAsset: {fileID: 0}
  m_GameObject: {fileID: 3702221492640130524}
  m_LocalRotation: {x: -0.08430487, y: 0.035964992, z: -0.13311164, w: 0.9868539}
  m_LocalPosition: {x: -0.2827789, y: 0.1718791, z: 0.031038838}
  m_LocalScale: {x: 1, y: 1, z: 1}
  m_Children:
  - {fileID: 3702221492640430536}
  m_Father: {fileID: 3702221492640430546}
  m_RootOrder: 0
  m_LocalEulerAnglesHint: {x: 0, y: 0, z: 0}
--- !u!1 &3702221492640130526
GameObject:
  m_ObjectHideFlags: 0
  m_CorrespondingSourceObject: {fileID: 0}
  m_PrefabInstance: {fileID: 0}
  m_PrefabAsset: {fileID: 0}
  serializedVersion: 6
  m_Component:
  - component: {fileID: 3702221492640430590}
  m_Layer: 0
  m_Name: EthanLeftForeArm
  m_TagString: Untagged
  m_Icon: {fileID: 0}
  m_NavMeshLayer: 0
  m_StaticEditorFlags: 0
  m_IsActive: 1
--- !u!4 &3702221492640430590
Transform:
  m_ObjectHideFlags: 0
  m_CorrespondingSourceObject: {fileID: 0}
  m_PrefabInstance: {fileID: 0}
  m_PrefabAsset: {fileID: 0}
  m_GameObject: {fileID: 3702221492640130526}
  m_LocalRotation: {x: 2.3921222e-16, y: 1.346459e-16, z: 0.22885402, w: 0.97346073}
  m_LocalPosition: {x: 0.08794441, y: -0.014121806, z: -0.22941957}
  m_LocalScale: {x: 1, y: 1, z: 1}
  m_Children:
  - {fileID: 3702221492640430584}
  m_Father: {fileID: 3702221492640430474}
  m_RootOrder: 0
  m_LocalEulerAnglesHint: {x: 0, y: 0, z: 0}
--- !u!1 &3702221492640130528
GameObject:
  m_ObjectHideFlags: 0
  m_CorrespondingSourceObject: {fileID: 0}
  m_PrefabInstance: {fileID: 0}
  m_PrefabAsset: {fileID: 0}
  serializedVersion: 6
  m_Component:
  - component: {fileID: 3702221492640430464}
  m_Layer: 0
  m_Name: EthanLeftCorner
  m_TagString: Untagged
  m_Icon: {fileID: 0}
  m_NavMeshLayer: 0
  m_StaticEditorFlags: 0
  m_IsActive: 1
--- !u!4 &3702221492640430464
Transform:
  m_ObjectHideFlags: 0
  m_CorrespondingSourceObject: {fileID: 0}
  m_PrefabInstance: {fileID: 0}
  m_PrefabAsset: {fileID: 0}
  m_GameObject: {fileID: 3702221492640130528}
  m_LocalRotation: {x: -0.5, y: 0.5, z: 0.5000007, w: -0.49999928}
  m_LocalPosition: {x: 0.14939941, y: -0.06769698, z: -0.024466591}
  m_LocalScale: {x: 1, y: 1, z: 1}
  m_Children: []
  m_Father: {fileID: 3702221492640430476}
  m_RootOrder: 0
  m_LocalEulerAnglesHint: {x: 0, y: 0, z: 0}
--- !u!1 &3702221492640130530
GameObject:
  m_ObjectHideFlags: 0
  m_CorrespondingSourceObject: {fileID: 0}
  m_PrefabInstance: {fileID: 0}
  m_PrefabAsset: {fileID: 0}
  serializedVersion: 6
  m_Component:
  - component: {fileID: 3702221492640430466}
  m_Layer: 0
  m_Name: EthanLeftEye
  m_TagString: Untagged
  m_Icon: {fileID: 0}
  m_NavMeshLayer: 0
  m_StaticEditorFlags: 0
  m_IsActive: 1
--- !u!4 &3702221492640430466
Transform:
  m_ObjectHideFlags: 0
  m_CorrespondingSourceObject: {fileID: 0}
  m_PrefabInstance: {fileID: 0}
  m_PrefabAsset: {fileID: 0}
  m_GameObject: {fileID: 3702221492640130530}
  m_LocalRotation: {x: -0.5, y: 0.5, z: 0.5000007, w: -0.49999928}
  m_LocalPosition: {x: -0.0817658, y: -0.058895037, z: -0.027851813}
  m_LocalScale: {x: 1, y: 1, z: 1}
  m_Children: []
  m_Father: {fileID: 3702221492640430482}
  m_RootOrder: 4
  m_LocalEulerAnglesHint: {x: 0, y: 0, z: 0}
--- !u!1 &3702221492640130532
GameObject:
  m_ObjectHideFlags: 0
  m_CorrespondingSourceObject: {fileID: 0}
  m_PrefabInstance: {fileID: 0}
  m_PrefabAsset: {fileID: 0}
  serializedVersion: 6
  m_Component:
  - component: {fileID: 3702221492640430468}
  m_Layer: 0
  m_Name: EthanLeftBlink
  m_TagString: Untagged
  m_Icon: {fileID: 0}
  m_NavMeshLayer: 0
  m_StaticEditorFlags: 0
  m_IsActive: 1
--- !u!4 &3702221492640430468
Transform:
  m_ObjectHideFlags: 0
  m_CorrespondingSourceObject: {fileID: 0}
  m_PrefabInstance: {fileID: 0}
  m_PrefabAsset: {fileID: 0}
  m_GameObject: {fileID: 3702221492640130532}
  m_LocalRotation: {x: -0.43938157, y: 0.5540251, z: 0.55402577, w: -0.4393808}
  m_LocalPosition: {x: -0.08582658, y: -0.07248985, z: -0.023909489}
  m_LocalScale: {x: 1, y: 1, z: 1}
  m_Children: []
  m_Father: {fileID: 3702221492640430482}
  m_RootOrder: 2
  m_LocalEulerAnglesHint: {x: 0, y: 0, z: 0}
--- !u!1 &3702221492640130534
GameObject:
  m_ObjectHideFlags: 0
  m_CorrespondingSourceObject: {fileID: 0}
  m_PrefabInstance: {fileID: 0}
  m_PrefabAsset: {fileID: 0}
  serializedVersion: 6
  m_Component:
  - component: {fileID: 3702221492640430470}
  m_Layer: 0
  m_Name: EthanLeftBrow
  m_TagString: Untagged
  m_Icon: {fileID: 0}
  m_NavMeshLayer: 0
  m_StaticEditorFlags: 0
  m_IsActive: 1
--- !u!4 &3702221492640430470
Transform:
  m_ObjectHideFlags: 0
  m_CorrespondingSourceObject: {fileID: 0}
  m_PrefabInstance: {fileID: 0}
  m_PrefabAsset: {fileID: 0}
  m_GameObject: {fileID: 3702221492640130534}
  m_LocalRotation: {x: -0.5, y: 0.5, z: 0.5000007, w: -0.49999928}
  m_LocalPosition: {x: -0.09988994, y: -0.08062434, z: -0.028973255}
  m_LocalScale: {x: 1, y: 1, z: 1}
  m_Children: []
  m_Father: {fileID: 3702221492640430482}
  m_RootOrder: 3
  m_LocalEulerAnglesHint: {x: 0, y: 0, z: 0}
--- !u!1 &3702221492640130536
GameObject:
  m_ObjectHideFlags: 0
  m_CorrespondingSourceObject: {fileID: 0}
  m_PrefabInstance: {fileID: 0}
  m_PrefabAsset: {fileID: 0}
  serializedVersion: 6
  m_Component:
  - component: {fileID: 3702221492640430472}
  m_Layer: 0
  m_Name: EthanJaw
  m_TagString: Untagged
  m_Icon: {fileID: 0}
  m_NavMeshLayer: 0
  m_StaticEditorFlags: 0
  m_IsActive: 1
--- !u!4 &3702221492640430472
Transform:
  m_ObjectHideFlags: 0
  m_CorrespondingSourceObject: {fileID: 0}
  m_PrefabInstance: {fileID: 0}
  m_PrefabAsset: {fileID: 0}
  m_GameObject: {fileID: 3702221492640130536}
  m_LocalRotation: {x: -0.49673736, y: 0.5032417, z: 0.5032421, w: -0.49673653}
  m_LocalPosition: {x: -0.03240739, y: -0.029785074, z: -0.00000007152633}
  m_LocalScale: {x: 1, y: 1, z: 1}
  m_Children:
  - {fileID: 3702221492640430540}
  - {fileID: 3702221492640430528}
  - {fileID: 3702221492640430342}
  m_Father: {fileID: 3702221492640430482}
  m_RootOrder: 1
  m_LocalEulerAnglesHint: {x: 0, y: 0, z: 0}
--- !u!1 &3702221492640130538
GameObject:
  m_ObjectHideFlags: 0
  m_CorrespondingSourceObject: {fileID: 0}
  m_PrefabInstance: {fileID: 0}
  m_PrefabAsset: {fileID: 0}
  serializedVersion: 6
  m_Component:
  - component: {fileID: 3702221492640430474}
  m_Layer: 0
  m_Name: EthanLeftArm
  m_TagString: Untagged
  m_Icon: {fileID: 0}
  m_NavMeshLayer: 0
  m_StaticEditorFlags: 0
  m_IsActive: 1
--- !u!4 &3702221492640430474
Transform:
  m_ObjectHideFlags: 0
  m_CorrespondingSourceObject: {fileID: 0}
  m_PrefabInstance: {fileID: 0}
  m_PrefabAsset: {fileID: 0}
  m_GameObject: {fileID: 3702221492640130538}
  m_LocalRotation: {x: 0.07767332, y: -0.083925635, z: -0.0029020128, w: 0.9934359}
  m_LocalPosition: {x: 0.08180639, y: 0.009300345, z: -0.09634663}
  m_LocalScale: {x: 1, y: 1, z: 1}
  m_Children:
  - {fileID: 3702221492640430590}
  m_Father: {fileID: 3702221492640430542}
  m_RootOrder: 0
  m_LocalEulerAnglesHint: {x: 0, y: 0, z: 0}
--- !u!1 &3702221492640130540
GameObject:
  m_ObjectHideFlags: 0
  m_CorrespondingSourceObject: {fileID: 0}
  m_PrefabInstance: {fileID: 0}
  m_PrefabAsset: {fileID: 0}
  serializedVersion: 6
  m_Component:
  - component: {fileID: 3702221492640430476}
  m_Layer: 0
  m_Name: EthanHead1
  m_TagString: Untagged
  m_Icon: {fileID: 0}
  m_NavMeshLayer: 0
  m_StaticEditorFlags: 0
  m_IsActive: 1
--- !u!4 &3702221492640430476
Transform:
  m_ObjectHideFlags: 0
  m_CorrespondingSourceObject: {fileID: 0}
  m_PrefabInstance: {fileID: 0}
  m_PrefabAsset: {fileID: 0}
  m_GameObject: {fileID: 3702221492640130540}
  m_LocalRotation: {x: 1.0587912e-22, y: 4.646893e-23, z: -2.7755576e-17, w: 1}
  m_LocalPosition: {x: -0.17475267, y: 0.00000045072835, z: 0.00000009431633}
  m_LocalScale: {x: 1, y: 1, z: 1}
  m_Children:
  - {fileID: 3702221492640430464}
  - {fileID: 3702221492640430534}
  - {fileID: 3702221492640430394}
  - {fileID: 3702221492640430456}
  - {fileID: 3702221492640430450}
  m_Father: {fileID: 3702221492640430482}
  m_RootOrder: 0
  m_LocalEulerAnglesHint: {x: 0, y: 0, z: 0}
--- !u!1 &3702221492640130542
GameObject:
  m_ObjectHideFlags: 0
  m_CorrespondingSourceObject: {fileID: 0}
  m_PrefabInstance: {fileID: 0}
  m_PrefabAsset: {fileID: 0}
  serializedVersion: 6
  m_Component:
  - component: {fileID: 3702221492640430478}
  m_Layer: 0
  m_Name: EthanHips
  m_TagString: Untagged
  m_Icon: {fileID: 0}
  m_NavMeshLayer: 0
  m_StaticEditorFlags: 0
  m_IsActive: 1
--- !u!4 &3702221492640430478
Transform:
  m_ObjectHideFlags: 0
  m_CorrespondingSourceObject: {fileID: 0}
  m_PrefabInstance: {fileID: 0}
  m_PrefabAsset: {fileID: 0}
  m_GameObject: {fileID: 3702221492640130542}
  m_LocalRotation: {x: -0.49999934, y: 0.49999934, z: -0.50000066, w: 0.50000066}
  m_LocalPosition: {x: 0.00000042162256, y: 0.7787106, z: -0.033025585}
  m_LocalScale: {x: 1, y: 1, z: 1}
  m_Children:
  - {fileID: 3702221492640430452}
  m_Father: {fileID: 3702221492640430458}
  m_RootOrder: 0
  m_LocalEulerAnglesHint: {x: 0, y: 0, z: 0}
--- !u!1 &3702221492640130544
GameObject:
  m_ObjectHideFlags: 0
  m_CorrespondingSourceObject: {fileID: 0}
  m_PrefabInstance: {fileID: 0}
  m_PrefabAsset: {fileID: 0}
  serializedVersion: 6
  m_Component:
  - component: {fileID: 3702221492640430480}
  - component: {fileID: 3702221492636952858}
  m_Layer: 0
  m_Name: EthanGlasses
  m_TagString: Untagged
  m_Icon: {fileID: 0}
  m_NavMeshLayer: 0
  m_StaticEditorFlags: 0
  m_IsActive: 1
--- !u!4 &3702221492640430480
Transform:
  m_ObjectHideFlags: 0
  m_CorrespondingSourceObject: {fileID: 0}
  m_PrefabInstance: {fileID: 0}
  m_PrefabAsset: {fileID: 0}
  m_GameObject: {fileID: 3702221492640130544}
  m_LocalRotation: {x: 0, y: -0, z: -0, w: 1}
  m_LocalPosition: {x: -0, y: 0, z: 0}
  m_LocalScale: {x: 1, y: 1, z: 1}
  m_Children: []
  m_Father: {fileID: 3702221492640430484}
  m_RootOrder: 1
  m_LocalEulerAnglesHint: {x: 0, y: 0, z: 0}
--- !u!137 &3702221492636952858
SkinnedMeshRenderer:
  m_ObjectHideFlags: 0
  m_CorrespondingSourceObject: {fileID: 0}
  m_PrefabInstance: {fileID: 0}
  m_PrefabAsset: {fileID: 0}
  m_GameObject: {fileID: 3702221492640130544}
  m_Enabled: 1
  m_CastShadows: 1
  m_ReceiveShadows: 1
  m_DynamicOccludee: 1
  m_MotionVectors: 1
  m_LightProbeUsage: 1
  m_ReflectionProbeUsage: 1
  m_RayTracingMode: 0
  m_RenderingLayerMask: 1
  m_RendererPriority: 0
  m_Materials:
  - {fileID: 2100000, guid: f62b52b2d4b721742a0bc5c6b4db468d, type: 2}
  m_StaticBatchInfo:
    firstSubMesh: 0
    subMeshCount: 0
  m_StaticBatchRoot: {fileID: 0}
  m_ProbeAnchor: {fileID: 0}
  m_LightProbeVolumeOverride: {fileID: 0}
  m_ScaleInLightmap: 1
  m_ReceiveGI: 1
  m_PreserveUVs: 0
  m_IgnoreNormalsForChartDetection: 0
  m_ImportantGI: 0
  m_StitchLightmapSeams: 1
  m_SelectedEditorRenderState: 3
  m_MinimumChartSize: 4
  m_AutoUVMaxDistance: 0.5
  m_AutoUVMaxAngle: 89
  m_LightmapParameters: {fileID: 0}
  m_SortingLayerID: 0
  m_SortingLayer: 0
  m_SortingOrder: 0
  serializedVersion: 2
  m_Quality: 0
  m_UpdateWhenOffscreen: 0
  m_SkinnedMotionVectors: 1
  m_Mesh: {fileID: 4300004, guid: b235179bd2a63d1468dd430670338c55, type: 3}
  m_Bones:
  - {fileID: 3702221492640430482}
  - {fileID: 3702221492640430476}
  - {fileID: 3702221492640430450}
  - {fileID: 3702221492640430456}
  - {fileID: 3702221492640430534}
  - {fileID: 3702221492640430472}
  - {fileID: 3702221492640430398}
  - {fileID: 3702221492640430470}
  - {fileID: 3702221492640430468}
  - {fileID: 3702221492640430392}
  - {fileID: 3702221492640430466}
  - {fileID: 3702221492640430388}
  m_BlendShapeWeights: []
  m_RootBone: {fileID: 3702221492640430482}
  m_AABB:
    m_Center: {x: -0.08161512, y: -0.04041595, z: 0.0002907589}
    m_Extent: {x: 0.03773863, y: 0.06075971, z: 0.07119451}
  m_DirtyAABB: 0
--- !u!1 &3702221492640130546
GameObject:
  m_ObjectHideFlags: 0
  m_CorrespondingSourceObject: {fileID: 0}
  m_PrefabInstance: {fileID: 0}
  m_PrefabAsset: {fileID: 0}
  serializedVersion: 6
  m_Component:
  - component: {fileID: 3702221492640430482}
  m_Layer: 0
  m_Name: EthanHead
  m_TagString: Untagged
  m_Icon: {fileID: 0}
  m_NavMeshLayer: 0
  m_StaticEditorFlags: 0
  m_IsActive: 1
--- !u!4 &3702221492640430482
Transform:
  m_ObjectHideFlags: 0
  m_CorrespondingSourceObject: {fileID: 0}
  m_PrefabInstance: {fileID: 0}
  m_PrefabAsset: {fileID: 0}
  m_GameObject: {fileID: 3702221492640130546}
  m_LocalRotation: {x: 1.3487235e-18, y: -1.7102821e-17, z: 0.087552026, w: 0.99616}
  m_LocalPosition: {x: -0.090649985, y: -0.041122116, z: 0.000000058975164}
  m_LocalScale: {x: 1, y: 1, z: 1}
  m_Children:
  - {fileID: 3702221492640430476}
  - {fileID: 3702221492640430472}
  - {fileID: 3702221492640430468}
  - {fileID: 3702221492640430470}
  - {fileID: 3702221492640430466}
  - {fileID: 3702221492640430398}
  - {fileID: 3702221492640430392}
  - {fileID: 3702221492640430388}
  m_Father: {fileID: 3702221492640430530}
  m_RootOrder: 0
  m_LocalEulerAnglesHint: {x: 0, y: 0, z: 0}
--- !u!1 &3702221492640130548
GameObject:
  m_ObjectHideFlags: 0
  m_CorrespondingSourceObject: {fileID: 0}
  m_PrefabInstance: {fileID: 0}
  m_PrefabAsset: {fileID: 0}
  serializedVersion: 6
  m_Component:
  - component: {fileID: 3702221492640430484}
  - component: {fileID: 3702221492632737756}
  - component: {fileID: 1265572154046905514}
  - component: {fileID: 3107873697479225939}
  - component: {fileID: 7674779892745177596}
  m_Layer: 0
  m_Name: Guard
  m_TagString: Untagged
  m_Icon: {fileID: 0}
  m_NavMeshLayer: 0
  m_StaticEditorFlags: 0
  m_IsActive: 1
--- !u!4 &3702221492640430484
Transform:
  m_ObjectHideFlags: 0
  m_CorrespondingSourceObject: {fileID: 0}
  m_PrefabInstance: {fileID: 0}
  m_PrefabAsset: {fileID: 0}
  m_GameObject: {fileID: 3702221492640130548}
  m_LocalRotation: {x: -0, y: -0, z: -0, w: 1}
  m_LocalPosition: {x: 2.5, y: 0, z: -4}
  m_LocalScale: {x: 1.25, y: 1.25, z: 1.25}
  m_Children:
  - {fileID: 3702221492640430486}
  - {fileID: 3702221492640430480}
  - {fileID: 3702221492640430458}
  m_Father: {fileID: 0}
  m_RootOrder: 0
  m_LocalEulerAnglesHint: {x: 0, y: 0, z: 0}
--- !u!95 &3702221492632737756
Animator:
  serializedVersion: 3
  m_ObjectHideFlags: 0
  m_CorrespondingSourceObject: {fileID: 0}
  m_PrefabInstance: {fileID: 0}
  m_PrefabAsset: {fileID: 0}
  m_GameObject: {fileID: 3702221492640130548}
  m_Enabled: 1
  m_Avatar: {fileID: 9000000, guid: b235179bd2a63d1468dd430670338c55, type: 3}
  m_Controller: {fileID: 9100000, guid: fd312d1b0dfba8a40a0e1ff5f82e83fa, type: 2}
  m_CullingMode: 1
  m_UpdateMode: 0
  m_ApplyRootMotion: 1
  m_LinearVelocityBlending: 0
  m_WarningMessage: 
  m_HasTransformHierarchy: 1
  m_AllowConstantClipSamplingOptimization: 1
  m_KeepAnimatorControllerStateOnDisable: 0
--- !u!320 &1265572154046905514
PlayableDirector:
  m_ObjectHideFlags: 0
  m_CorrespondingSourceObject: {fileID: 0}
  m_PrefabInstance: {fileID: 0}
  m_PrefabAsset: {fileID: 0}
  m_GameObject: {fileID: 3702221492640130548}
  m_Enabled: 1
  serializedVersion: 3
  m_PlayableAsset: {fileID: 11400000, guid: 0ce01395538f2f24d96cbeeb833b4b81, type: 2}
  m_InitialState: 1
  m_WrapMode: 1
  m_DirectorUpdateMode: 1
  m_InitialTime: 0
  m_SceneBindings:
  - key: {fileID: 17941440802416191, guid: 0ce01395538f2f24d96cbeeb833b4b81, type: 2}
    value: {fileID: 3702221492632737756}
  m_ExposedReferences:
    m_References: []
--- !u!114 &3107873697479225939
MonoBehaviour:
  m_ObjectHideFlags: 0
  m_CorrespondingSourceObject: {fileID: 0}
  m_PrefabInstance: {fileID: 0}
  m_PrefabAsset: {fileID: 0}
  m_GameObject: {fileID: 3702221492640130548}
  m_Enabled: 1
  m_EditorHideFlags: 0
  m_Script: {fileID: 11500000, guid: d7476bb634555d648a50fd5e294ddf06, type: 3}
  m_Name: 
  m_EditorClassIdentifier: 
  _timeline: {fileID: 1265572154046905514}
--- !u!135 &7674779892745177596
SphereCollider:
  m_ObjectHideFlags: 0
  m_CorrespondingSourceObject: {fileID: 0}
  m_PrefabInstance: {fileID: 0}
  m_PrefabAsset: {fileID: 0}
  m_GameObject: {fileID: 3702221492640130548}
  m_Material: {fileID: 0}
  m_IsTrigger: 1
  m_Enabled: 1
  serializedVersion: 2
  m_Radius: 4
  m_Center: {x: 0, y: 0, z: 0}
--- !u!1 &3702221492640130550
GameObject:
  m_ObjectHideFlags: 0
  m_CorrespondingSourceObject: {fileID: 0}
  m_PrefabInstance: {fileID: 0}
  m_PrefabAsset: {fileID: 0}
  serializedVersion: 6
  m_Component:
  - component: {fileID: 3702221492640430486}
  - component: {fileID: 3702221492636952856}
  m_Layer: 0
  m_Name: EthanBody
  m_TagString: Untagged
  m_Icon: {fileID: 0}
  m_NavMeshLayer: 0
  m_StaticEditorFlags: 0
  m_IsActive: 1
--- !u!4 &3702221492640430486
Transform:
  m_ObjectHideFlags: 0
  m_CorrespondingSourceObject: {fileID: 0}
  m_PrefabInstance: {fileID: 0}
  m_PrefabAsset: {fileID: 0}
  m_GameObject: {fileID: 3702221492640130550}
  m_LocalRotation: {x: 0, y: -0, z: -0, w: 1}
  m_LocalPosition: {x: -0, y: 0, z: 0}
  m_LocalScale: {x: 1, y: 1, z: 1}
  m_Children: []
  m_Father: {fileID: 3702221492640430484}
  m_RootOrder: 0
  m_LocalEulerAnglesHint: {x: 0, y: 0, z: 0}
--- !u!137 &3702221492636952856
SkinnedMeshRenderer:
  m_ObjectHideFlags: 0
  m_CorrespondingSourceObject: {fileID: 0}
  m_PrefabInstance: {fileID: 0}
  m_PrefabAsset: {fileID: 0}
  m_GameObject: {fileID: 3702221492640130550}
  m_Enabled: 1
  m_CastShadows: 1
  m_ReceiveShadows: 1
  m_DynamicOccludee: 1
  m_MotionVectors: 1
  m_LightProbeUsage: 1
  m_ReflectionProbeUsage: 1
  m_RayTracingMode: 0
  m_RenderingLayerMask: 1
  m_RendererPriority: 0
  m_Materials:
  - {fileID: 2100000, guid: f62b52b2d4b721742a0bc5c6b4db468d, type: 2}
  m_StaticBatchInfo:
    firstSubMesh: 0
    subMeshCount: 0
  m_StaticBatchRoot: {fileID: 0}
  m_ProbeAnchor: {fileID: 0}
  m_LightProbeVolumeOverride: {fileID: 0}
  m_ScaleInLightmap: 1
  m_ReceiveGI: 1
  m_PreserveUVs: 0
  m_IgnoreNormalsForChartDetection: 0
  m_ImportantGI: 0
  m_StitchLightmapSeams: 1
  m_SelectedEditorRenderState: 3
  m_MinimumChartSize: 4
  m_AutoUVMaxDistance: 0.5
  m_AutoUVMaxAngle: 89
  m_LightmapParameters: {fileID: 0}
  m_SortingLayerID: 0
  m_SortingLayer: 0
  m_SortingOrder: 0
  serializedVersion: 2
  m_Quality: 0
  m_UpdateWhenOffscreen: 0
  m_SkinnedMotionVectors: 1
  m_Mesh: {fileID: 4300006, guid: b235179bd2a63d1468dd430670338c55, type: 3}
  m_Bones:
  - {fileID: 3702221492640430478}
  - {fileID: 3702221492640430452}
  - {fileID: 3702221492640430454}
  - {fileID: 3702221492640430448}
  - {fileID: 3702221492640430530}
  - {fileID: 3702221492640430542}
  - {fileID: 3702221492640430474}
  - {fileID: 3702221492640430590}
  - {fileID: 3702221492640430584}
  - {fileID: 3702221492640430554}
  - {fileID: 3702221492640430548}
  - {fileID: 3702221492640430550}
  - {fileID: 3702221492640430544}
  - {fileID: 3702221492640430586}
  - {fileID: 3702221492640430580}
  - {fileID: 3702221492640430582}
  - {fileID: 3702221492640430578}
  - {fileID: 3702221492640430572}
  - {fileID: 3702221492640430574}
  - {fileID: 3702221492640430562}
  - {fileID: 3702221492640430556}
  - {fileID: 3702221492640430558}
  - {fileID: 3702221492640430570}
  - {fileID: 3702221492640430564}
  - {fileID: 3702221492640430566}
  - {fileID: 3702221492640430560}
  - {fileID: 3702221492640430336}
  - {fileID: 3702221492640430396}
  - {fileID: 3702221492640430384}
  - {fileID: 3702221492640430386}
  - {fileID: 3702221492640430348}
  - {fileID: 3702221492640430350}
  - {fileID: 3702221492640430344}
  - {fileID: 3702221492640430346}
  - {fileID: 3702221492640430380}
  - {fileID: 3702221492640430382}
  - {fileID: 3702221492640430376}
  - {fileID: 3702221492640430372}
  - {fileID: 3702221492640430374}
  - {fileID: 3702221492640430368}
  - {fileID: 3702221492640430356}
  - {fileID: 3702221492640430358}
  - {fileID: 3702221492640430352}
  - {fileID: 3702221492640430364}
  - {fileID: 3702221492640430366}
  - {fileID: 3702221492640430360}
  - {fileID: 3702221492640430362}
  - {fileID: 3702221492640430482}
  - {fileID: 3702221492640430476}
  - {fileID: 3702221492640430450}
  - {fileID: 3702221492640430456}
  - {fileID: 3702221492640430534}
  - {fileID: 3702221492640430394}
  - {fileID: 3702221492640430464}
  - {fileID: 3702221492640430472}
  - {fileID: 3702221492640430540}
  - {fileID: 3702221492640430398}
  - {fileID: 3702221492640430468}
  - {fileID: 3702221492640430466}
  - {fileID: 3702221492640430388}
  - {fileID: 3702221492640430532}
  - {fileID: 3702221492640430546}
  - {fileID: 3702221492640430588}
  - {fileID: 3702221492640430536}
  - {fileID: 3702221492640430538}
  - {fileID: 3702221492640430462}
  - {fileID: 3702221492640430340}
  - {fileID: 3702221492640430390}
  - {fileID: 3702221492640430338}
  - {fileID: 3702221492640430460}
  m_BlendShapeWeights: []
  m_RootBone: {fileID: 3702221492640430478}
  m_AABB:
    m_Center: {x: 0.0009998381, y: 0.007603824, z: 0.00028842688}
    m_Extent: {x: 0.80239844, y: 0.23826995, z: 0.57234734}
  m_DirtyAABB: 0
