%YAML 1.1
%TAG !u! tag:unity3d.com,2011:
--- !u!1 &4335215501465482457
GameObject:
  m_ObjectHideFlags: 0
  m_CorrespondingSourceObject: {fileID: 0}
  m_PrefabInstance: {fileID: 0}
  m_PrefabAsset: {fileID: 0}
  serializedVersion: 6
  m_Component:
  - component: {fileID: 4335215501465482452}
  - component: {fileID: 4335215501465482453}
  - component: {fileID: 4335215501465482458}
  - component: {fileID: 4335215501465482459}
  - component: {fileID: 1410337535576339260}
  - component: {fileID: 5802478930968412141}
  - component: {fileID: 4834212974986040440}
  m_Layer: 0
  m_Name: Rupee
  m_TagString: Untagged
  m_Icon: {fileID: 0}
  m_NavMeshLayer: 0
  m_StaticEditorFlags: 0
  m_IsActive: 1
--- !u!4 &4335215501465482452
Transform:
  m_ObjectHideFlags: 0
  m_CorrespondingSourceObject: {fileID: 0}
  m_PrefabInstance: {fileID: 0}
  m_PrefabAsset: {fileID: 0}
  m_GameObject: {fileID: 4335215501465482457}
  m_LocalRotation: {x: 0, y: 0.7071068, z: 0, w: 0.7071068}
  m_LocalPosition: {x: -1.597, y: 0.375, z: 1.8080002}
  m_LocalScale: {x: 0.75, y: 0.75, z: 0.75}
  m_Children: []
  m_Father: {fileID: 0}
  m_RootOrder: 0
  m_LocalEulerAnglesHint: {x: 0, y: 90, z: 0}
--- !u!114 &4335215501465482453
MonoBehaviour:
  m_ObjectHideFlags: 0
  m_CorrespondingSourceObject: {fileID: 0}
  m_PrefabInstance: {fileID: 0}
  m_PrefabAsset: {fileID: 0}
  m_GameObject: {fileID: 4335215501465482457}
  m_Enabled: 1
  m_EditorHideFlags: 0
  m_Script: {fileID: 11500000, guid: 8233d90336aea43098adf6dbabd606a2, type: 3}
  m_Name: 
  m_EditorClassIdentifier: 
  m_MeshFormatVersion: 1
  m_Faces:
  - m_Indexes: 0c0000000a0000000d0000000a0000000b0000000d000000
    m_SmoothingGroup: 0
    m_Uv:
      m_UseWorldSpace: 0
      m_FlipU: 0
      m_FlipV: 0
      m_SwapUV: 0
      m_Fill: 1
      m_Scale: {x: 1, y: 1}
      m_Offset: {x: 0, y: 0}
      m_Rotation: 0
      m_Anchor: 9
    m_Material: {fileID: 0}
    m_SubmeshIndex: 0
    m_ManualUV: 0
    elementGroup: -1
    m_TextureGroup: 2
  - m_Indexes: 0e0000000f00000010000000
    m_SmoothingGroup: 0
    m_Uv:
      m_UseWorldSpace: 0
      m_FlipU: 0
      m_FlipV: 0
      m_SwapUV: 0
      m_Fill: 1
      m_Scale: {x: 1, y: 1}
      m_Offset: {x: 0, y: 0}
      m_Rotation: 0
      m_Anchor: 9
    m_Material: {fileID: 2100000, guid: 31321ba15b8f8eb4c954353edc038b1d, type: 2}
    m_SubmeshIndex: 0
    m_ManualUV: 0
    elementGroup: 0
    m_TextureGroup: 1
  - m_Indexes: 140000001100000012000000140000001200000013000000
    m_SmoothingGroup: 0
    m_Uv:
      m_UseWorldSpace: 0
      m_FlipU: 0
      m_FlipV: 0
      m_SwapUV: 0
      m_Fill: 1
      m_Scale: {x: 1, y: 1}
      m_Offset: {x: 0, y: 0}
      m_Rotation: 0
      m_Anchor: 9
    m_Material: {fileID: 2100000, guid: 31321ba15b8f8eb4c954353edc038b1d, type: 2}
    m_SubmeshIndex: 0
    m_ManualUV: 0
    elementGroup: 0
    m_TextureGroup: 1
  - m_Indexes: 160000001700000018000000150000001600000018000000
    m_SmoothingGroup: 0
    m_Uv:
      m_UseWorldSpace: 0
      m_FlipU: 0
      m_FlipV: 0
      m_SwapUV: 0
      m_Fill: 1
      m_Scale: {x: 1, y: 1}
      m_Offset: {x: 0, y: 0}
      m_Rotation: 0
      m_Anchor: 9
    m_Material: {fileID: 2100000, guid: 31321ba15b8f8eb4c954353edc038b1d, type: 2}
    m_SubmeshIndex: 0
    m_ManualUV: 0
    elementGroup: 0
    m_TextureGroup: 1
  - m_Indexes: 190000001a0000001c0000001a0000001b0000001c000000
    m_SmoothingGroup: 0
    m_Uv:
      m_UseWorldSpace: 0
      m_FlipU: 0
      m_FlipV: 0
      m_SwapUV: 0
      m_Fill: 1
      m_Scale: {x: 1, y: 1}
      m_Offset: {x: 0, y: 0}
      m_Rotation: 0
      m_Anchor: 9
    m_Material: {fileID: 2100000, guid: 31321ba15b8f8eb4c954353edc038b1d, type: 2}
    m_SubmeshIndex: 0
    m_ManualUV: 0
    elementGroup: 0
    m_TextureGroup: 1
  - m_Indexes: 1d0000001e0000001f000000
    m_SmoothingGroup: 0
    m_Uv:
      m_UseWorldSpace: 0
      m_FlipU: 0
      m_FlipV: 0
      m_SwapUV: 0
      m_Fill: 1
      m_Scale: {x: 1, y: 1}
      m_Offset: {x: 0, y: 0}
      m_Rotation: 0
      m_Anchor: 9
    m_Material: {fileID: 2100000, guid: 31321ba15b8f8eb4c954353edc038b1d, type: 2}
    m_SubmeshIndex: 0
    m_ManualUV: 0
    elementGroup: 0
    m_TextureGroup: 1
  - m_Indexes: 200000002100000022000000
    m_SmoothingGroup: 0
    m_Uv:
      m_UseWorldSpace: 0
      m_FlipU: 0
      m_FlipV: 0
      m_SwapUV: 0
      m_Fill: 1
      m_Scale: {x: 1, y: 1}
      m_Offset: {x: 0, y: 0}
      m_Rotation: 0
      m_Anchor: 9
    m_Material: {fileID: 2100000, guid: 31321ba15b8f8eb4c954353edc038b1d, type: 2}
    m_SubmeshIndex: 0
    m_ManualUV: 0
    elementGroup: 0
    m_TextureGroup: 3
  - m_Indexes: 230000002400000025000000
    m_SmoothingGroup: 0
    m_Uv:
      m_UseWorldSpace: 0
      m_FlipU: 0
      m_FlipV: 0
      m_SwapUV: 0
      m_Fill: 1
      m_Scale: {x: 1, y: 1}
      m_Offset: {x: 0, y: 0}
      m_Rotation: 0
      m_Anchor: 9
    m_Material: {fileID: 2100000, guid: 31321ba15b8f8eb4c954353edc038b1d, type: 2}
    m_SubmeshIndex: 0
    m_ManualUV: 0
    elementGroup: 0
    m_TextureGroup: 3
  - m_Indexes: 260000002700000028000000
    m_SmoothingGroup: 0
    m_Uv:
      m_UseWorldSpace: 0
      m_FlipU: 0
      m_FlipV: 0
      m_SwapUV: 0
      m_Fill: 1
      m_Scale: {x: 1, y: 1}
      m_Offset: {x: 0, y: 0}
      m_Rotation: 0
      m_Anchor: 9
    m_Material: {fileID: 2100000, guid: 31321ba15b8f8eb4c954353edc038b1d, type: 2}
    m_SubmeshIndex: 0
    m_ManualUV: 0
    elementGroup: 0
    m_TextureGroup: 1
  - m_Indexes: 290000002a0000002b000000
    m_SmoothingGroup: 0
    m_Uv:
      m_UseWorldSpace: 0
      m_FlipU: 0
      m_FlipV: 0
      m_SwapUV: 0
      m_Fill: 1
      m_Scale: {x: 1, y: 1}
      m_Offset: {x: 0, y: 0}
      m_Rotation: 0
      m_Anchor: 9
    m_Material: {fileID: 2100000, guid: 31321ba15b8f8eb4c954353edc038b1d, type: 2}
    m_SubmeshIndex: 0
    m_ManualUV: 0
    elementGroup: 0
    m_TextureGroup: 1
  - m_Indexes: 2c0000002d0000002e000000
    m_SmoothingGroup: 0
    m_Uv:
      m_UseWorldSpace: 0
      m_FlipU: 0
      m_FlipV: 0
      m_SwapUV: 0
      m_Fill: 1
      m_Scale: {x: 1, y: 1}
      m_Offset: {x: 0, y: 0}
      m_Rotation: 0
      m_Anchor: 9
    m_Material: {fileID: 2100000, guid: 31321ba15b8f8eb4c954353edc038b1d, type: 2}
    m_SubmeshIndex: 0
    m_ManualUV: 0
    elementGroup: 0
    m_TextureGroup: 1
  - m_Indexes: 2f0000003000000031000000
    m_SmoothingGroup: 0
    m_Uv:
      m_UseWorldSpace: 0
      m_FlipU: 0
      m_FlipV: 0
      m_SwapUV: 0
      m_Fill: 1
      m_Scale: {x: 1, y: 1}
      m_Offset: {x: 0, y: 0}
      m_Rotation: 0
      m_Anchor: 9
    m_Material: {fileID: 2100000, guid: 31321ba15b8f8eb4c954353edc038b1d, type: 2}
    m_SubmeshIndex: 0
    m_ManualUV: 0
    elementGroup: 0
    m_TextureGroup: 1
  - m_Indexes: 320000003300000034000000
    m_SmoothingGroup: 0
    m_Uv:
      m_UseWorldSpace: 0
      m_FlipU: 0
      m_FlipV: 0
      m_SwapUV: 0
      m_Fill: 1
      m_Scale: {x: 1, y: 1}
      m_Offset: {x: 0, y: 0}
      m_Rotation: 0
      m_Anchor: 9
    m_Material: {fileID: 2100000, guid: 31321ba15b8f8eb4c954353edc038b1d, type: 2}
    m_SubmeshIndex: 0
    m_ManualUV: 0
    elementGroup: 0
    m_TextureGroup: 1
  - m_Indexes: 350000003600000037000000
    m_SmoothingGroup: 0
    m_Uv:
      m_UseWorldSpace: 0
      m_FlipU: 0
      m_FlipV: 0
      m_SwapUV: 0
      m_Fill: 1
      m_Scale: {x: 1, y: 1}
      m_Offset: {x: 0, y: 0}
      m_Rotation: 0
      m_Anchor: 9
    m_Material: {fileID: 2100000, guid: 31321ba15b8f8eb4c954353edc038b1d, type: 2}
    m_SubmeshIndex: 0
    m_ManualUV: 0
    elementGroup: 0
    m_TextureGroup: 1
  - m_Indexes: 38000000390000003a000000
    m_SmoothingGroup: 0
    m_Uv:
      m_UseWorldSpace: 0
      m_FlipU: 0
      m_FlipV: 0
      m_SwapUV: 0
      m_Fill: 1
      m_Scale: {x: 1, y: 1}
      m_Offset: {x: 0, y: 0}
      m_Rotation: 0
      m_Anchor: 9
    m_Material: {fileID: 2100000, guid: 31321ba15b8f8eb4c954353edc038b1d, type: 2}
    m_SubmeshIndex: 0
    m_ManualUV: 0
    elementGroup: 0
    m_TextureGroup: 1
  - m_Indexes: 3b0000003c0000003d000000
    m_SmoothingGroup: 0
    m_Uv:
      m_UseWorldSpace: 0
      m_FlipU: 0
      m_FlipV: 0
      m_SwapUV: 0
      m_Fill: 1
      m_Scale: {x: 1, y: 1}
      m_Offset: {x: 0, y: 0}
      m_Rotation: 0
      m_Anchor: 9
    m_Material: {fileID: 2100000, guid: 31321ba15b8f8eb4c954353edc038b1d, type: 2}
    m_SubmeshIndex: 0
    m_ManualUV: 0
    elementGroup: 0
    m_TextureGroup: 1
  - m_Indexes: 3e0000003f00000040000000
    m_SmoothingGroup: 0
    m_Uv:
      m_UseWorldSpace: 0
      m_FlipU: 0
      m_FlipV: 0
      m_SwapUV: 0
      m_Fill: 1
      m_Scale: {x: 1, y: 1}
      m_Offset: {x: 0, y: 0}
      m_Rotation: 0
      m_Anchor: 9
    m_Material: {fileID: 2100000, guid: 31321ba15b8f8eb4c954353edc038b1d, type: 2}
    m_SubmeshIndex: 0
    m_ManualUV: 0
    elementGroup: 0
    m_TextureGroup: 2
  - m_Indexes: 410000004200000043000000
    m_SmoothingGroup: 0
    m_Uv:
      m_UseWorldSpace: 0
      m_FlipU: 0
      m_FlipV: 0
      m_SwapUV: 0
      m_Fill: 1
      m_Scale: {x: 1, y: 1}
      m_Offset: {x: 0, y: 0}
      m_Rotation: 0
      m_Anchor: 9
    m_Material: {fileID: 2100000, guid: 31321ba15b8f8eb4c954353edc038b1d, type: 2}
    m_SubmeshIndex: 0
    m_ManualUV: 0
    elementGroup: 0
    m_TextureGroup: 2
  - m_Indexes: 440000004500000046000000
    m_SmoothingGroup: 0
    m_Uv:
      m_UseWorldSpace: 0
      m_FlipU: 0
      m_FlipV: 0
      m_SwapUV: 0
      m_Fill: 1
      m_Scale: {x: 1, y: 1}
      m_Offset: {x: 0, y: 0}
      m_Rotation: 0
      m_Anchor: 9
    m_Material: {fileID: 2100000, guid: 31321ba15b8f8eb4c954353edc038b1d, type: 2}
    m_SubmeshIndex: 0
    m_ManualUV: 0
    elementGroup: 0
    m_TextureGroup: 1
  - m_Indexes: 470000004800000049000000
    m_SmoothingGroup: 0
    m_Uv:
      m_UseWorldSpace: 0
      m_FlipU: 0
      m_FlipV: 0
      m_SwapUV: 0
      m_Fill: 1
      m_Scale: {x: 1, y: 1}
      m_Offset: {x: 0, y: 0}
      m_Rotation: 0
      m_Anchor: 9
    m_Material: {fileID: 2100000, guid: 31321ba15b8f8eb4c954353edc038b1d, type: 2}
    m_SubmeshIndex: 0
    m_ManualUV: 0
    elementGroup: 0
    m_TextureGroup: 1
  - m_Indexes: 020000000300000007000000000000000100000002000000000000000200000007000000000000000700000008000000050000000000000008000000050000000800000004000000060000000500000004000000090000000600000004000000
    m_SmoothingGroup: 0
    m_Uv:
      m_UseWorldSpace: 0
      m_FlipU: 0
      m_FlipV: 0
      m_SwapUV: 0
      m_Fill: 1
      m_Scale: {x: 1, y: 1}
      m_Offset: {x: 0, y: 0}
      m_Rotation: 0
      m_Anchor: 9
    m_Material: {fileID: 0}
    m_SubmeshIndex: 0
    m_ManualUV: 0
    elementGroup: -1
    m_TextureGroup: -1
  - m_Indexes: 570000005500000054000000570000005400000056000000
    m_SmoothingGroup: 0
    m_Uv:
      m_UseWorldSpace: 0
      m_FlipU: 0
      m_FlipV: 0
      m_SwapUV: 0
      m_Fill: 1
      m_Scale: {x: 0.99999994, y: 0.4761905}
      m_Offset: {x: -0.10776773, y: 0.76804394}
      m_Rotation: 348.69006
      m_Anchor: 9
    m_Material: {fileID: 0}
    m_SubmeshIndex: 0
    m_ManualUV: 0
    elementGroup: -1
    m_TextureGroup: -1
  - m_Indexes: 5a0000005900000058000000
    m_SmoothingGroup: 0
    m_Uv:
      m_UseWorldSpace: 0
      m_FlipU: 0
      m_FlipV: 0
      m_SwapUV: 0
      m_Fill: 1
      m_Scale: {x: 0.70710593, y: 1.4142139}
      m_Offset: {x: 0.99999964, y: 1.2833326}
      m_Rotation: 225.00006
      m_Anchor: 9
    m_Material: {fileID: 2100000, guid: 31321ba15b8f8eb4c954353edc038b1d, type: 2}
    m_SubmeshIndex: 0
    m_ManualUV: 0
    elementGroup: -1
    m_TextureGroup: -1
  - m_Indexes: 5d0000005c0000005e0000005c0000005b0000005e000000
    m_SmoothingGroup: 0
    m_Uv:
      m_UseWorldSpace: 0
      m_FlipU: 0
      m_FlipV: 0
      m_SwapUV: 0
      m_Fill: 1
      m_Scale: {x: 0.99554217, y: 0.03591494}
      m_Offset: {x: 1.1206007, y: 1.0249995}
      m_Rotation: 28.610456
      m_Anchor: 9
    m_Material: {fileID: 2100000, guid: 31321ba15b8f8eb4c954353edc038b1d, type: 2}
    m_SubmeshIndex: 0
    m_ManualUV: 0
    elementGroup: -1
    m_TextureGroup: -1
  - m_Indexes: 62000000600000005f000000620000006100000060000000
    m_SmoothingGroup: 0
    m_Uv:
      m_UseWorldSpace: 0
      m_FlipU: 0
      m_FlipV: 0
      m_SwapUV: 0
      m_Fill: 1
      m_Scale: {x: 0.35586098, y: 0.35586298}
      m_Offset: {x: 0.7985438, y: 1.0249994}
      m_Rotation: 225.95525
      m_Anchor: 9
    m_Material: {fileID: 2100000, guid: 31321ba15b8f8eb4c954353edc038b1d, type: 2}
    m_SubmeshIndex: 0
    m_ManualUV: 0
    elementGroup: -1
    m_TextureGroup: -1
  - m_Indexes: 660000006500000064000000660000006400000063000000
    m_SmoothingGroup: 0
    m_Uv:
      m_UseWorldSpace: 0
      m_FlipU: 0
      m_FlipV: 0
      m_SwapUV: 0
      m_Fill: 1
      m_Scale: {x: 1.0000006, y: 0.0000008940699}
      m_Offset: {x: 0.99999976, y: 1.0499994}
      m_Rotation: 180
      m_Anchor: 9
    m_Material: {fileID: 2100000, guid: 31321ba15b8f8eb4c954353edc038b1d, type: 2}
    m_SubmeshIndex: 0
    m_ManualUV: 0
    elementGroup: -1
    m_TextureGroup: -1
  - m_Indexes: 690000006800000067000000
    m_SmoothingGroup: 0
    m_Uv:
      m_UseWorldSpace: 0
      m_FlipU: 0
      m_FlipV: 0
      m_SwapUV: 0
      m_Fill: 1
      m_Scale: {x: 1.0000001, y: 0.0000013411058}
      m_Offset: {x: 0.9999998, y: 0.81666636}
      m_Rotation: 180
      m_Anchor: 9
    m_Material: {fileID: 2100000, guid: 31321ba15b8f8eb4c954353edc038b1d, type: 2}
    m_SubmeshIndex: 0
    m_ManualUV: 0
    elementGroup: -1
    m_TextureGroup: -1
  - m_Indexes: 6c0000006b0000006a000000
    m_SmoothingGroup: 0
    m_Uv:
      m_UseWorldSpace: 0
      m_FlipU: 0
      m_FlipV: 0
      m_SwapUV: 0
      m_Fill: 1
      m_Scale: {x: 0.98879874, y: 0.24253559}
      m_Offset: {x: 0.09567875, y: 1.2998922}
      m_Rotation: 2.7262754
      m_Anchor: 9
    m_Material: {fileID: 2100000, guid: 31321ba15b8f8eb4c954353edc038b1d, type: 2}
    m_SubmeshIndex: 0
    m_ManualUV: 0
    elementGroup: -1
    m_TextureGroup: -1
  - m_Indexes: 6f0000006e0000006d000000
    m_SmoothingGroup: 0
    m_Uv:
      m_UseWorldSpace: 0
      m_FlipU: 0
      m_FlipV: 0
      m_SwapUV: 0
      m_Fill: 1
      m_Scale: {x: 0.87697554, y: 0.78086895}
      m_Offset: {x: -0.11509806, y: 1.2531979}
      m_Rotation: 319.96973
      m_Anchor: 9
    m_Material: {fileID: 2100000, guid: 31321ba15b8f8eb4c954353edc038b1d, type: 2}
    m_SubmeshIndex: 0
    m_ManualUV: 0
    elementGroup: -1
    m_TextureGroup: -1
  - m_Indexes: 720000007100000070000000
    m_SmoothingGroup: 0
    m_Uv:
      m_UseWorldSpace: 0
      m_FlipU: 0
      m_FlipV: 0
      m_SwapUV: 0
      m_Fill: 1
      m_Scale: {x: 0.53859246, y: 1.5809804}
      m_Offset: {x: 0.8456783, y: 1.1571872}
      m_Rotation: 226.10219
      m_Anchor: 9
    m_Material: {fileID: 2100000, guid: 31321ba15b8f8eb4c954353edc038b1d, type: 2}
    m_SubmeshIndex: 0
    m_ManualUV: 0
    elementGroup: -1
    m_TextureGroup: -1
  - m_Indexes: 750000007400000073000000
    m_SmoothingGroup: 0
    m_Uv:
      m_UseWorldSpace: 0
      m_FlipU: 0
      m_FlipV: 0
      m_SwapUV: 0
      m_Fill: 1
      m_Scale: {x: 1.000001, y: 0.00000089406893}
      m_Offset: {x: 0.7985437, y: 1.2583325}
      m_Rotation: 156.8014
      m_Anchor: 9
    m_Material: {fileID: 2100000, guid: 31321ba15b8f8eb4c954353edc038b1d, type: 2}
    m_SubmeshIndex: 0
    m_ManualUV: 0
    elementGroup: -1
    m_TextureGroup: -1
  - m_Indexes: 780000007700000076000000
    m_SmoothingGroup: 0
    m_Uv:
      m_UseWorldSpace: 0
      m_FlipU: 0
      m_FlipV: 0
      m_SwapUV: 0
      m_Fill: 1
      m_Scale: {x: 0.99999976, y: 0.19245106}
      m_Offset: {x: 1.1349015, y: 1.1194447}
      m_Rotation: 191.30992
      m_Anchor: 9
    m_Material: {fileID: 2100000, guid: 31321ba15b8f8eb4c954353edc038b1d, type: 2}
    m_SubmeshIndex: 0
    m_ManualUV: 0
    elementGroup: -1
    m_TextureGroup: -1
  - m_Indexes: 7b0000007a00000079000000
    m_SmoothingGroup: 0
    m_Uv:
      m_UseWorldSpace: 0
      m_FlipU: 0
      m_FlipV: 0
      m_SwapUV: 0
      m_Fill: 1
      m_Scale: {x: 0.9997025, y: 0.023212712}
      m_Offset: {x: 1.1206007, y: 1.2583325}
      m_Rotation: 21.80142
      m_Anchor: 9
    m_Material: {fileID: 2100000, guid: 31321ba15b8f8eb4c954353edc038b1d, type: 2}
    m_SubmeshIndex: 0
    m_ManualUV: 0
    elementGroup: -1
    m_TextureGroup: -1
  - m_Indexes: 7e0000007d0000007c000000
    m_SmoothingGroup: 0
    m_Uv:
      m_UseWorldSpace: 0
      m_FlipU: 0
      m_FlipV: 0
      m_SwapUV: 0
      m_Fill: 1
      m_Scale: {x: 0.812289, y: 1.094413}
      m_Offset: {x: 1.1349018, y: 0.9118612}
      m_Rotation: 155.63016
      m_Anchor: 9
    m_Material: {fileID: 2100000, guid: 31321ba15b8f8eb4c954353edc038b1d, type: 2}
    m_SubmeshIndex: 0
    m_ManualUV: 0
    elementGroup: -1
    m_TextureGroup: -1
  - m_Indexes: 81000000800000007f000000
    m_SmoothingGroup: 0
    m_Uv:
      m_UseWorldSpace: 0
      m_FlipU: 0
      m_FlipV: 0
      m_SwapUV: 0
      m_Fill: 1
      m_Scale: {x: 0.99999976, y: 0.0000008940705}
      m_Offset: {x: 1.1206008, y: 0.7916663}
      m_Rotation: 203.19858
      m_Anchor: 9
    m_Material: {fileID: 2100000, guid: 31321ba15b8f8eb4c954353edc038b1d, type: 2}
    m_SubmeshIndex: 0
    m_ManualUV: 0
    elementGroup: -1
    m_TextureGroup: -1
  - m_Indexes: 840000008300000082000000
    m_SmoothingGroup: 0
    m_Uv:
      m_UseWorldSpace: 0
      m_FlipU: 0
      m_FlipV: 0
      m_SwapUV: 0
      m_Fill: 1
      m_Scale: {x: 0.6894993, y: 0.68950003}
      m_Offset: {x: 0.79854393, y: 0.7916663}
      m_Rotation: 203.21089
      m_Anchor: 9
    m_Material: {fileID: 2100000, guid: 31321ba15b8f8eb4c954353edc038b1d, type: 2}
    m_SubmeshIndex: 0
    m_ManualUV: 0
    elementGroup: -1
    m_TextureGroup: -1
  - m_Indexes: 870000008600000085000000
    m_SmoothingGroup: 0
    m_Uv:
      m_UseWorldSpace: 0
      m_FlipU: 0
      m_FlipV: 0
      m_SwapUV: 0
      m_Fill: 1
      m_Scale: {x: 0.8212267, y: 1.070672}
      m_Offset: {x: 0.8456787, y: 0.8741186}
      m_Rotation: 133.89784
      m_Anchor: 9
    m_Material: {fileID: 2100000, guid: 31321ba15b8f8eb4c954353edc038b1d, type: 2}
    m_SubmeshIndex: 0
    m_ManualUV: 0
    elementGroup: -1
    m_TextureGroup: -1
  - m_Indexes: 8a0000008900000088000000
    m_SmoothingGroup: 0
    m_Uv:
      m_UseWorldSpace: 0
      m_FlipU: 0
      m_FlipV: 0
      m_SwapUV: 0
      m_Fill: 1
      m_Scale: {x: 0.87697566, y: 0.7808686}
      m_Offset: {x: -0.84567875, y: 0.7213496}
      m_Rotation: 220.03026
      m_Anchor: 9
    m_Material: {fileID: 2100000, guid: 31321ba15b8f8eb4c954353edc038b1d, type: 2}
    m_SubmeshIndex: 0
    m_ManualUV: 0
    elementGroup: -1
    m_TextureGroup: -1
  - m_Indexes: 8d0000008c0000008b000000
    m_SmoothingGroup: 0
    m_Uv:
      m_UseWorldSpace: 0
      m_FlipU: 0
      m_FlipV: 0
      m_SwapUV: 0
      m_Fill: 1
      m_Scale: {x: 0.8769758, y: 0.78086853}
      m_Offset: {x: -1.134902, y: 0.76804394}
      m_Rotation: 139.96974
      m_Anchor: 9
    m_Material: {fileID: 2100000, guid: 31321ba15b8f8eb4c954353edc038b1d, type: 2}
    m_SubmeshIndex: 0
    m_ManualUV: 0
    elementGroup: -1
    m_TextureGroup: -1
  - m_Indexes: 900000008f0000008e000000
    m_SmoothingGroup: 0
    m_Uv:
      m_UseWorldSpace: 0
      m_FlipU: 0
      m_FlipV: 0
      m_SwapUV: 0
      m_Fill: 1
      m_Scale: {x: 0.8769753, y: 0.78086823}
      m_Offset: {x: 1.1349018, y: 0.76804376}
      m_Rotation: 220.0303
      m_Anchor: 9
    m_Material: {fileID: 2100000, guid: 31321ba15b8f8eb4c954353edc038b1d, type: 2}
    m_SubmeshIndex: 0
    m_ManualUV: 0
    elementGroup: -1
    m_TextureGroup: -1
  - m_Indexes: 930000009200000091000000
    m_SmoothingGroup: 0
    m_Uv:
      m_UseWorldSpace: 0
      m_FlipU: 0
      m_FlipV: 0
      m_SwapUV: 0
      m_Fill: 1
      m_Scale: {x: 0.87697554, y: 0.780869}
      m_Offset: {x: 0.8456787, y: 0.7213494}
      m_Rotation: 139.9697
      m_Anchor: 9
    m_Material: {fileID: 2100000, guid: 31321ba15b8f8eb4c954353edc038b1d, type: 2}
    m_SubmeshIndex: 0
    m_ManualUV: 0
    elementGroup: -1
    m_TextureGroup: -1
  - m_Indexes: 4e00000050000000530000004e0000004f000000500000004e000000520000004f000000520000004a0000004f00000052000000510000004a000000510000004c0000004a0000004c0000004b0000004a000000510000004d0000004c000000
    m_SmoothingGroup: 0
    m_Uv:
      m_UseWorldSpace: 0
      m_FlipU: 0
      m_FlipV: 0
      m_SwapUV: 0
      m_Fill: 1
      m_Scale: {x: 1, y: 1}
      m_Offset: {x: -0, y: -0}
      m_Rotation: 0
      m_Anchor: 9
    m_Material: {fileID: 0}
    m_SubmeshIndex: 0
    m_ManualUV: 0
    elementGroup: -1
    m_TextureGroup: -1
  m_SharedVertices:
  - m_Vertices: 020000000a0000003f000000430000004500000049000000
  - m_Vertices: 030000000c000000390000003b0000004000000048000000
  - m_Vertices: 070000001600000038000000
  - m_Vertices: 000000001200000036000000
  - m_Vertices: 010000000b00000033000000350000004200000046000000
  - m_Vertices: 08000000150000002a000000
  - m_Vertices: 050000001300000030000000
  - m_Vertices: 04000000200000002600000029000000
  - m_Vertices: 06000000240000002d00000031000000
  - m_Vertices: 090000002200000025000000
  - m_Vertices: 0d0000001d000000320000003c0000003e000000410000004400000047000000
  - m_Vertices: 0e000000140000001b0000002c0000002f000000
  - m_Vertices: 0f0000002100000023000000280000002e000000
  - m_Vertices: 10000000180000001c000000270000002b000000
  - m_Vertices: 110000001a0000001e0000003400000037000000
  - m_Vertices: 17000000190000001f0000003a0000003d000000
  - m_Vertices: 4c00000054000000890000008d0000008f00000093000000
  - m_Vertices: 4d0000005600000083000000850000008a00000092000000
  - m_Vertices: 510000006000000082000000
  - m_Vertices: 4a0000005c00000080000000
  - m_Vertices: 4b000000550000007d0000007f0000008c00000090000000
  - m_Vertices: 520000005f00000074000000
  - m_Vertices: 4f0000005d0000007a000000
  - m_Vertices: 4e0000006a0000007000000073000000
  - m_Vertices: 500000006e000000770000007b000000
  - m_Vertices: 530000006c0000006f000000
  - m_Vertices: 57000000670000007c00000086000000880000008b0000008e00000091000000
  - m_Vertices: 580000005e000000650000007600000079000000
  - m_Vertices: 590000006b0000006d0000007200000078000000
  - m_Vertices: 5a00000062000000660000007100000075000000
  - m_Vertices: 5b00000064000000680000007e00000081000000
  - m_Vertices: 6100000063000000690000008400000087000000
  m_SharedTextures: []
  m_Positions:
  - {x: 0.25000003, y: -0.16666675, z: 0.00000001986821}
  - {x: 0.25000003, y: -0.29999995, z: 0.00000001986821}
  - {x: 0.000000039736463, y: -0.5, z: 0.00000001986821}
  - {x: -0.24999996, y: -0.29999995, z: 0.00000001986821}
  - {x: -0.24999996, y: 0.29999995, z: 0.00000001986821}
  - {x: 0.25000003, y: 0.16666675, z: 0.00000001986821}
  - {x: 0.25000003, y: 0.29999995, z: 0.00000001986821}
  - {x: -0.24999996, y: -0.16666675, z: 0.00000001986821}
  - {x: -0.24999996, y: 0.16666651, z: 0.00000001986821}
  - {x: 0.000000039736463, y: 0.5, z: 0.00000001986821}
  - {x: 0.000000039736463, y: -0.5, z: 0.00000001986821}
  - {x: 0.25000003, y: -0.29999995, z: 0.00000001986821}
  - {x: -0.24999996, y: -0.29999995, z: 0.00000001986821}
  - {x: 0.000000039736463, y: -0.29999995, z: 0.07500003}
  - {x: 0.13333337, y: 0.16666651, z: 0.07500003}
  - {x: 0.000000039736463, y: 0.29999995, z: 0.07500003}
  - {x: -0.13333331, y: 0.16666651, z: 0.07500003}
  - {x: 0.13333337, y: -0.16666675, z: 0.07500003}
  - {x: 0.25000003, y: -0.16666675, z: 0.00000001986821}
  - {x: 0.25000003, y: 0.16666675, z: 0.00000001986821}
  - {x: 0.13333337, y: 0.16666651, z: 0.07500003}
  - {x: -0.24999996, y: 0.16666651, z: 0.00000001986821}
  - {x: -0.24999996, y: -0.16666675, z: 0.00000001986821}
  - {x: -0.13333331, y: -0.16666675, z: 0.07500003}
  - {x: -0.13333331, y: 0.16666651, z: 0.07500003}
  - {x: -0.13333331, y: -0.16666675, z: 0.07500003}
  - {x: 0.13333337, y: -0.16666675, z: 0.07500003}
  - {x: 0.13333337, y: 0.16666651, z: 0.07500003}
  - {x: -0.13333331, y: 0.16666651, z: 0.07500003}
  - {x: 0.000000039736463, y: -0.29999995, z: 0.07500003}
  - {x: 0.13333337, y: -0.16666675, z: 0.07500003}
  - {x: -0.13333331, y: -0.16666675, z: 0.07500003}
  - {x: -0.24999996, y: 0.29999995, z: 0.00000001986821}
  - {x: 0.000000039736463, y: 0.29999995, z: 0.07500003}
  - {x: 0.000000039736463, y: 0.5, z: 0.00000001986821}
  - {x: 0.000000039736463, y: 0.29999995, z: 0.07500003}
  - {x: 0.25000003, y: 0.29999995, z: 0.00000001986821}
  - {x: 0.000000039736463, y: 0.5, z: 0.00000001986821}
  - {x: -0.24999996, y: 0.29999995, z: 0.00000001986821}
  - {x: -0.13333331, y: 0.16666651, z: 0.07500003}
  - {x: 0.000000039736463, y: 0.29999995, z: 0.07500003}
  - {x: -0.24999996, y: 0.29999995, z: 0.00000001986821}
  - {x: -0.24999996, y: 0.16666651, z: 0.00000001986821}
  - {x: -0.13333331, y: 0.16666651, z: 0.07500003}
  - {x: 0.13333337, y: 0.16666651, z: 0.07500003}
  - {x: 0.25000003, y: 0.29999995, z: 0.00000001986821}
  - {x: 0.000000039736463, y: 0.29999995, z: 0.07500003}
  - {x: 0.13333337, y: 0.16666651, z: 0.07500003}
  - {x: 0.25000003, y: 0.16666675, z: 0.00000001986821}
  - {x: 0.25000003, y: 0.29999995, z: 0.00000001986821}
  - {x: 0.000000039736463, y: -0.29999995, z: 0.07500003}
  - {x: 0.25000003, y: -0.29999995, z: 0.00000001986821}
  - {x: 0.13333337, y: -0.16666675, z: 0.07500003}
  - {x: 0.25000003, y: -0.29999995, z: 0.00000001986821}
  - {x: 0.25000003, y: -0.16666675, z: 0.00000001986821}
  - {x: 0.13333337, y: -0.16666675, z: 0.07500003}
  - {x: -0.24999996, y: -0.16666675, z: 0.00000001986821}
  - {x: -0.24999996, y: -0.29999995, z: 0.00000001986821}
  - {x: -0.13333331, y: -0.16666675, z: 0.07500003}
  - {x: -0.24999996, y: -0.29999995, z: 0.00000001986821}
  - {x: 0.000000039736463, y: -0.29999995, z: 0.07500003}
  - {x: -0.13333331, y: -0.16666675, z: 0.07500003}
  - {x: 0.000000039736463, y: -0.29999995, z: 0.07500003}
  - {x: 0.000000039736463, y: -0.5, z: 0.00000001986821}
  - {x: -0.24999996, y: -0.29999995, z: 0.00000001986821}
  - {x: 0.000000039736463, y: -0.29999995, z: 0.07500003}
  - {x: 0.25000003, y: -0.29999995, z: 0.00000001986821}
  - {x: 0.000000039736463, y: -0.5, z: 0.00000001986821}
  - {x: 0.000000039736463, y: -0.29999995, z: 0.07500003}
  - {x: 0.000000039736463, y: -0.5, z: 0.00000001986821}
  - {x: 0.25000003, y: -0.29999995, z: 0.00000001986821}
  - {x: 0.000000039736463, y: -0.29999995, z: 0.07500003}
  - {x: -0.24999996, y: -0.29999995, z: 0.00000001986821}
  - {x: 0.000000039736463, y: -0.5, z: 0.00000001986821}
  - {x: 0.25000003, y: -0.16666675, z: 0.00000001986821}
  - {x: 0.25000003, y: -0.29999995, z: 0.00000001986821}
  - {x: 0.000000039736463, y: -0.5, z: 0.00000001986821}
  - {x: -0.24999996, y: -0.29999995, z: 0.00000001986821}
  - {x: -0.24999996, y: 0.29999995, z: 0.00000001986821}
  - {x: 0.25000003, y: 0.16666675, z: 0.00000001986821}
  - {x: 0.25000003, y: 0.29999995, z: 0.00000001986821}
  - {x: -0.24999996, y: -0.16666675, z: 0.00000001986821}
  - {x: -0.24999996, y: 0.16666651, z: 0.00000001986821}
  - {x: 0.000000039736463, y: 0.5, z: 0.00000001986821}
  - {x: 0.000000039736463, y: -0.5, z: 0.00000001986821}
  - {x: 0.25000003, y: -0.29999995, z: 0.00000001986821}
  - {x: -0.24999996, y: -0.29999995, z: 0.00000001986821}
  - {x: 0.000000039736463, y: -0.29999995, z: -0.075}
  - {x: 0.13333337, y: 0.16666651, z: -0.075}
  - {x: 0.000000039736463, y: 0.29999995, z: -0.075}
  - {x: -0.13333331, y: 0.16666651, z: -0.075}
  - {x: 0.13333337, y: -0.16666675, z: -0.075}
  - {x: 0.25000003, y: -0.16666675, z: 0.00000001986821}
  - {x: 0.25000003, y: 0.16666675, z: 0.00000001986821}
  - {x: 0.13333337, y: 0.16666651, z: -0.075}
  - {x: -0.24999996, y: 0.16666651, z: 0.00000001986821}
  - {x: -0.24999996, y: -0.16666675, z: 0.00000001986821}
  - {x: -0.13333331, y: -0.16666675, z: -0.075}
  - {x: -0.13333331, y: 0.16666651, z: -0.075}
  - {x: -0.13333331, y: -0.16666675, z: -0.075}
  - {x: 0.13333337, y: -0.16666675, z: -0.075}
  - {x: 0.13333337, y: 0.16666651, z: -0.075}
  - {x: -0.13333331, y: 0.16666651, z: -0.075}
  - {x: 0.000000039736463, y: -0.29999995, z: -0.075}
  - {x: 0.13333337, y: -0.16666675, z: -0.075}
  - {x: -0.13333331, y: -0.16666675, z: -0.075}
  - {x: -0.24999996, y: 0.29999995, z: 0.00000001986821}
  - {x: 0.000000039736463, y: 0.29999995, z: -0.075}
  - {x: 0.000000039736463, y: 0.5, z: 0.00000001986821}
  - {x: 0.000000039736463, y: 0.29999995, z: -0.075}
  - {x: 0.25000003, y: 0.29999995, z: 0.00000001986821}
  - {x: 0.000000039736463, y: 0.5, z: 0.00000001986821}
  - {x: -0.24999996, y: 0.29999995, z: 0.00000001986821}
  - {x: -0.13333331, y: 0.16666651, z: -0.075}
  - {x: 0.000000039736463, y: 0.29999995, z: -0.075}
  - {x: -0.24999996, y: 0.29999995, z: 0.00000001986821}
  - {x: -0.24999996, y: 0.16666651, z: 0.00000001986821}
  - {x: -0.13333331, y: 0.16666651, z: -0.075}
  - {x: 0.13333337, y: 0.16666651, z: -0.075}
  - {x: 0.25000003, y: 0.29999995, z: 0.00000001986821}
  - {x: 0.000000039736463, y: 0.29999995, z: -0.075}
  - {x: 0.13333337, y: 0.16666651, z: -0.075}
  - {x: 0.25000003, y: 0.16666675, z: 0.00000001986821}
  - {x: 0.25000003, y: 0.29999995, z: 0.00000001986821}
  - {x: 0.000000039736463, y: -0.29999995, z: -0.075}
  - {x: 0.25000003, y: -0.29999995, z: 0.00000001986821}
  - {x: 0.13333337, y: -0.16666675, z: -0.075}
  - {x: 0.25000003, y: -0.29999995, z: 0.00000001986821}
  - {x: 0.25000003, y: -0.16666675, z: 0.00000001986821}
  - {x: 0.13333337, y: -0.16666675, z: -0.075}
  - {x: -0.24999996, y: -0.16666675, z: 0.00000001986821}
  - {x: -0.24999996, y: -0.29999995, z: 0.00000001986821}
  - {x: -0.13333331, y: -0.16666675, z: -0.075}
  - {x: -0.24999996, y: -0.29999995, z: 0.00000001986821}
  - {x: 0.000000039736463, y: -0.29999995, z: -0.075}
  - {x: -0.13333331, y: -0.16666675, z: -0.075}
  - {x: 0.000000039736463, y: -0.29999995, z: -0.075}
  - {x: 0.000000039736463, y: -0.5, z: 0.00000001986821}
  - {x: -0.24999996, y: -0.29999995, z: 0.00000001986821}
  - {x: 0.000000039736463, y: -0.29999995, z: -0.075}
  - {x: 0.25000003, y: -0.29999995, z: 0.00000001986821}
  - {x: 0.000000039736463, y: -0.5, z: 0.00000001986821}
  - {x: 0.000000039736463, y: -0.29999995, z: -0.075}
  - {x: 0.000000039736463, y: -0.5, z: 0.00000001986821}
  - {x: 0.25000003, y: -0.29999995, z: 0.00000001986821}
  - {x: 0.000000039736463, y: -0.29999995, z: -0.075}
  - {x: -0.24999996, y: -0.29999995, z: 0.00000001986821}
  - {x: 0.000000039736463, y: -0.5, z: 0.00000001986821}
  m_Textures0:
  - {x: 0.25000003, y: -0.16666675}
  - {x: 0.25000003, y: -0.29999995}
  - {x: 0.000000039736463, y: -0.5}
  - {x: -0.24999996, y: -0.29999995}
  - {x: -0.24999996, y: 0.29999995}
  - {x: 0.25000003, y: 0.16666675}
  - {x: 0.25000003, y: 0.29999995}
  - {x: -0.24999996, y: -0.16666675}
  - {x: -0.24999996, y: 0.16666651}
  - {x: 0.000000039736463, y: 0.5}
  - {x: 0.000000032351537, y: -0.47056583}
  - {x: 0.2394566, y: -0.25805566}
  - {x: -0.23945653, y: -0.30662322}
  - {x: -0.021551067, y: -0.25805566}
  - {x: -0.13333337, y: 0.17020129}
  - {x: -0.000000040727507, y: 0.30336863}
  - {x: 0.13333331, y: 0.17020129}
  - {x: -0.13333337, y: -0.16271675}
  - {x: -0.25000003, y: -0.16645913}
  - {x: -0.25000003, y: 0.16645913}
  - {x: -0.13333337, y: 0.17020129}
  - {x: 0.24999996, y: 0.16645889}
  - {x: 0.24999996, y: -0.16645913}
  - {x: 0.13333331, y: -0.16271675}
  - {x: 0.13333331, y: 0.17020129}
  - {x: 0.13333331, y: -0.16271675}
  - {x: -0.13333337, y: -0.16271675}
  - {x: -0.13333337, y: 0.17020129}
  - {x: 0.13333331, y: 0.17020129}
  - {x: -0.000000040727507, y: -0.29588386}
  - {x: -0.13333337, y: -0.16271675}
  - {x: 0.13333331, y: -0.16271675}
  - {x: 0.24999996, y: 0.2808987}
  - {x: -0.000000039736463, y: 0.25456443}
  - {x: -0.000000039736463, y: 0.4681646}
  - {x: -0.000000039736463, y: 0.25456443}
  - {x: -0.25000003, y: 0.2808987}
  - {x: -0.000000039736463, y: 0.4681646}
  - {x: 0.24999996, y: 0.29962626}
  - {x: 0.13333331, y: 0.17020129}
  - {x: -0.000000040727507, y: 0.30336863}
  - {x: 0.24999996, y: 0.29962626}
  - {x: 0.24999996, y: 0.16645889}
  - {x: 0.13333331, y: 0.17020129}
  - {x: -0.13333337, y: 0.17020129}
  - {x: -0.25000003, y: 0.29962626}
  - {x: -0.000000040727507, y: 0.30336863}
  - {x: -0.13333337, y: 0.17020129}
  - {x: -0.25000003, y: 0.16645913}
  - {x: -0.25000003, y: 0.29962626}
  - {x: -0.000000040727507, y: -0.29588386}
  - {x: -0.25000003, y: -0.29962626}
  - {x: -0.13333337, y: -0.16271675}
  - {x: -0.25000003, y: -0.29962626}
  - {x: -0.25000003, y: -0.16645913}
  - {x: -0.13333337, y: -0.16271675}
  - {x: 0.24999996, y: -0.16645913}
  - {x: 0.24999996, y: -0.29962626}
  - {x: 0.13333331, y: -0.16271675}
  - {x: 0.24999996, y: -0.29962626}
  - {x: -0.000000040727507, y: -0.29588386}
  - {x: 0.13333331, y: -0.16271675}
  - {x: -0.021551067, y: -0.25805566}
  - {x: 0.000000032351537, y: -0.47056583}
  - {x: -0.23945653, y: -0.30662322}
  - {x: -0.021551067, y: -0.25805566}
  - {x: 0.2394566, y: -0.25805566}
  - {x: 0.000000032351537, y: -0.47056583}
  - {x: -0.000000040727507, y: -0.29588386}
  - {x: -0.000000039736463, y: -0.49937716}
  - {x: -0.25000003, y: -0.29962626}
  - {x: -0.000000040727507, y: -0.29588386}
  - {x: 0.24999996, y: -0.29962626}
  - {x: -0.000000039736463, y: -0.49937716}
  - {x: -0.25000003, y: -0.16666675}
  - {x: -0.25000003, y: -0.29999995}
  - {x: -0.000000039736463, y: -0.5}
  - {x: 0.24999996, y: -0.29999995}
  - {x: 0.24999996, y: 0.29999995}
  - {x: -0.25000003, y: 0.16666675}
  - {x: -0.25000003, y: 0.29999995}
  - {x: 0.24999996, y: -0.16666675}
  - {x: 0.24999996, y: 0.16666651}
  - {x: -0.000000039736463, y: 0.5}
  - {x: 0.117690794, y: -1.1819698}
  - {x: 0.33265123, y: -1.0357783}
  - {x: -0.13242605, y: -1.1523793}
  - {x: 0.076712154, y: -1.086966}
  - {x: -0.9999993, y: -0.91666603}
  - {x: -1.0666665, y: -1.1166661}
  - {x: -0.8666663, y: -1.0499994}
  - {x: -1.0431278, y: -0.9971954}
  - {x: -0.92191136, y: -1.0633135}
  - {x: -0.9161787, y: -1.0528035}
  - {x: -1.0373951, y: -0.9866856}
  - {x: -0.9649668, y: -1.0839717}
  - {x: -0.87970245, y: -1.0015041}
  - {x: -0.91401565, y: -0.96602726}
  - {x: -0.99928, y: -1.0484949}
  - {x: -0.8666663, y: -1.0499994}
  - {x: -1.1333332, y: -1.0499994}
  - {x: -1.1333332, y: -1.0499996}
  - {x: -0.8666663, y: -1.0499996}
  - {x: -0.9999998, y: -1.0499996}
  - {x: -1.1333332, y: -1.0499998}
  - {x: -0.86666644, y: -1.0499998}
  - {x: -0.3347532, y: -0.95518506}
  - {x: -0.076961234, y: -0.96746075}
  - {x: -0.09579529, y: -0.9149642}
  - {x: 0.18978345, y: -1.0260311}
  - {x: 0.3650512, y: -0.8788062}
  - {x: 0.0975221, y: -0.886812}
  - {x: -0.98491615, y: -1.0847449}
  - {x: -0.876653, y: -0.8809363}
  - {x: -1.0823885, y: -0.9834485}
  - {x: -0.8757509, y: -0.9976821}
  - {x: -0.87575096, y: -0.997682}
  - {x: -1.0032313, y: -1.0523164}
  - {x: -1.0205914, y: -0.907774}
  - {x: -1.1565362, y: -0.9078123}
  - {x: -0.9005972, y: -0.95900005}
  - {x: -1.044596, y: -1.0006888}
  - {x: -0.9158599, y: -1.0521834}
  - {x: -0.9147104, y: -1.0493097}
  - {x: -0.960711, y: -0.9980993}
  - {x: -1.1538343, y: -1.0855815}
  - {x: -0.99255824, y: -1.1792028}
  - {x: -1.0433934, y: -0.99768245}
  - {x: -1.0433935, y: -0.9976826}
  - {x: -0.9159133, y: -1.0523169}
  - {x: -0.91366285, y: -1.0860903}
  - {x: -0.87743044, y: -1.0015981}
  - {x: -1.0015522, y: -1.0484011}
  - {x: -0.9338349, y: -0.9445262}
  - {x: -1.0824573, y: -1.0989794}
  - {x: -0.90270746, y: -1.1263949}
  - {x: 0.9888989, y: -1.2228043}
  - {x: 1.0811602, y: -1.0835851}
  - {x: 0.81363106, y: -1.0755794}
  - {x: 0.99168175, y: -1.2694986}
  - {x: 1.1669496, y: -1.1222737}
  - {x: 0.8994205, y: -1.1302795}
  - {x: -0.99168164, y: -1.2694985}
  - {x: -0.8994204, y: -1.1302794}
  - {x: -1.1669493, y: -1.1222734}
  - {x: -0.9888987, y: -1.2228042}
  - {x: -0.813631, y: -1.0755792}
  - {x: -1.0811601, y: -1.083585}
  m_Textures2: []
  m_Textures3: []
  m_Tangents:
  - {x: 1, y: 0, z: 0, w: -1}
  - {x: 1, y: 0, z: 0, w: -1}
  - {x: 1, y: 0, z: 0, w: -1}
  - {x: 1, y: 0, z: 0, w: -1}
  - {x: 1, y: 0, z: 0, w: -1}
  - {x: 1, y: 0, z: 0, w: -1}
  - {x: 1, y: 0, z: 0, w: -1}
  - {x: 1, y: 0, z: 0, w: -1}
  - {x: 1, y: 0, z: 0, w: -1}
  - {x: 1, y: 0, z: 0, w: -1}
  - {x: 0.99532604, y: -0.09042317, z: -0.033908688, w: 1}
  - {x: 0.9578263, y: 0, z: -0.28734794, w: 1}
  - {x: 0.95915085, y: -0.17536528, z: 0.22198333, w: 1}
  - {x: 0.99532604, y: -0.09042317, z: -0.033908688, w: 1}
  - {x: -1, y: 0, z: 0, w: -1}
  - {x: -1, y: 0, z: 0, w: -1}
  - {x: -1, y: 0, z: 0, w: -1}
  - {x: -0.84087163, y: -0.027006643, z: 0.5405604, w: -1}
  - {x: -0.84087163, y: -0.027006753, z: 0.5405605, w: -1}
  - {x: -0.84087163, y: -0.027006859, z: 0.5405605, w: -1}
  - {x: -0.84087163, y: -0.027006753, z: 0.5405605, w: -1}
  - {x: -0.8408716, y: 0.027006863, z: -0.5405604, w: -1}
  - {x: -0.8408716, y: 0.027006809, z: -0.5405604, w: -1}
  - {x: -0.8408716, y: 0.027006757, z: -0.5405604, w: -1}
  - {x: -0.8408716, y: 0.027006809, z: -0.5405604, w: -1}
  - {x: -1, y: 0, z: 0, w: -1}
  - {x: -1, y: 0, z: 0, w: -1}
  - {x: -1, y: 0, z: 0, w: -1}
  - {x: -1, y: 0, z: 0, w: -1}
  - {x: -1, y: 0, z: 0, w: -1}
  - {x: -1, y: 0, z: 0, w: -1}
  - {x: -1, y: 0, z: 0, w: -1}
  - {x: -0.96273905, y: -0.09495508, z: -0.2532136, w: -1}
  - {x: -0.96273905, y: -0.09495508, z: -0.2532136, w: -1}
  - {x: -0.96273905, y: -0.09495508, z: -0.2532136, w: -1}
  - {x: -0.96273905, y: 0.09495507, z: 0.25321364, w: -1}
  - {x: -0.96273905, y: 0.09495507, z: 0.25321364, w: -1}
  - {x: -0.96273905, y: 0.09495507, z: 0.25321364, w: -1}
  - {x: -0.9565147, y: 0.014554514, z: -0.29132083, w: -1}
  - {x: -0.9565147, y: 0.014554514, z: -0.29132083, w: -1}
  - {x: -0.9565147, y: 0.014554514, z: -0.29132083, w: -1}
  - {x: -0.8408716, y: 0.027006859, z: -0.5405605, w: -1}
  - {x: -0.8408716, y: 0.027006859, z: -0.5405605, w: -1}
  - {x: -0.8408716, y: 0.027006859, z: -0.5405605, w: -1}
  - {x: -0.9565147, y: -0.014554514, z: 0.29132086, w: -1}
  - {x: -0.9565147, y: -0.014554514, z: 0.29132086, w: -1}
  - {x: -0.9565147, y: -0.014554514, z: 0.29132086, w: -1}
  - {x: -0.84087163, y: -0.027006855, z: 0.5405605, w: -1}
  - {x: -0.84087163, y: -0.027006855, z: 0.5405605, w: -1}
  - {x: -0.84087163, y: -0.027006855, z: 0.5405605, w: -1}
  - {x: -0.95889145, y: -0.0141598815, z: 0.28341955, w: -1}
  - {x: -0.95889145, y: -0.0141598815, z: 0.28341955, w: -1}
  - {x: -0.95889145, y: -0.0141598815, z: 0.28341955, w: -1}
  - {x: -0.84087163, y: -0.027006749, z: 0.5405605, w: -1}
  - {x: -0.84087163, y: -0.027006749, z: 0.5405605, w: -1}
  - {x: -0.84087163, y: -0.027006749, z: 0.5405605, w: -1}
  - {x: -0.8408716, y: 0.027006749, z: -0.5405604, w: -1}
  - {x: -0.8408716, y: 0.027006749, z: -0.5405604, w: -1}
  - {x: -0.8408716, y: 0.027006749, z: -0.5405604, w: -1}
  - {x: -0.95889145, y: 0.014159881, z: -0.28341952, w: -1}
  - {x: -0.95889145, y: 0.014159881, z: -0.28341952, w: -1}
  - {x: -0.95889145, y: 0.014159881, z: -0.28341952, w: -1}
  - {x: 0.95915085, y: -0.17536528, z: 0.22198333, w: -1}
  - {x: 0.95915085, y: -0.17536528, z: 0.22198333, w: -1}
  - {x: 0.95915085, y: -0.17536528, z: 0.22198333, w: -1}
  - {x: 0.9578263, y: 0, z: -0.28734794, w: -1}
  - {x: 0.9578263, y: 0, z: -0.28734794, w: -1}
  - {x: 0.9578263, y: 0, z: -0.28734794, w: -1}
  - {x: -0.9591751, y: -0.014111973, z: 0.2824606, w: -1}
  - {x: -0.9591751, y: -0.014111973, z: 0.2824606, w: -1}
  - {x: -0.9591751, y: -0.014111973, z: 0.2824606, w: -1}
  - {x: -0.9591751, y: 0.014111973, z: -0.2824606, w: -1}
  - {x: -0.9591751, y: 0.014111973, z: -0.2824606, w: -1}
  - {x: -0.9591751, y: 0.014111973, z: -0.2824606, w: -1}
  - {x: -1, y: 0, z: 0, w: -1}
  - {x: -1, y: 0, z: 0, w: -1}
  - {x: -1, y: 0, z: 0, w: -1}
  - {x: -1, y: 0, z: 0, w: -1}
  - {x: -1, y: 0, z: 0, w: -1}
  - {x: -1, y: 0, z: 0, w: -1}
  - {x: -1, y: 0, z: 0, w: -1}
  - {x: -1, y: 0, z: 0, w: -1}
  - {x: -1, y: 0, z: 0, w: -1}
  - {x: -1, y: 0, z: 0, w: -1}
  - {x: 0.8868347, y: -0.43266535, z: 0.16224955, w: -1}
  - {x: 0.84548503, y: -0.36443615, z: 0.39030924, w: -1}
  - {x: 0.8729909, y: -0.48086682, z: -0.081572294, w: -1}
  - {x: 0.8868347, y: -0.43266535, z: 0.16224955, w: -1}
  - {x: -0.89442724, y: -0.4472137, z: 0, w: -1}
  - {x: -0.89442724, y: -0.4472137, z: 0, w: -1}
  - {x: -0.89442724, y: -0.4472137, z: 0, w: -1}
  - {x: 0.055513248, y: 0.99781996, z: 0.0356871, w: -1}
  - {x: 0.05551359, y: 0.99781996, z: 0.035687324, w: -1}
  - {x: 0.055513933, y: 0.99781996, z: 0.035687543, w: -1}
  - {x: 0.05551359, y: 0.99781996, z: 0.035687324, w: -1}
  - {x: -0.58480626, y: -0.7187944, z: 0.37594706, w: -1}
  - {x: -0.58480626, y: -0.7187944, z: 0.37594706, w: -1}
  - {x: -0.58480626, y: -0.7187944, z: 0.37594706, w: -1}
  - {x: -0.58480626, y: -0.7187944, z: 0.37594706, w: -1}
  - {x: -1, y: 0, z: 0, w: -1}
  - {x: -1, y: 0, z: 0, w: -1}
  - {x: -1, y: 0, z: 0, w: -1}
  - {x: -1, y: 0, z: 0, w: -1}
  - {x: -1, y: 0, z: 0, w: -1}
  - {x: -1, y: 0, z: 0, w: -1}
  - {x: -1, y: 0, z: 0, w: -1}
  - {x: 0.95878303, y: 0.17936009, z: -0.220375, w: -1}
  - {x: 0.95878303, y: 0.17936009, z: -0.220375, w: -1}
  - {x: 0.95878303, y: 0.17936009, z: -0.220375, w: -1}
  - {x: 0.7633764, y: -0.64581966, z: -0.0131693715, w: -1}
  - {x: 0.7633764, y: -0.64581966, z: -0.0131693715, w: -1}
  - {x: 0.7633764, y: -0.64581966, z: -0.0131693715, w: -1}
  - {x: -0.92939496, y: -0.3207574, z: 0.1825914, w: -1}
  - {x: -0.92939496, y: -0.3207574, z: 0.1825914, w: -1}
  - {x: -0.92939496, y: -0.3207574, z: 0.1825914, w: -1}
  - {x: -0.0000019091985, y: 1, z: 0.0000012273426, w: -1}
  - {x: -0.0000019091985, y: 1, z: 0.0000012273426, w: -1}
  - {x: -0.0000019091985, y: 1, z: 0.0000012273426, w: -1}
  - {x: -0.60695255, y: -0.6925496, z: -0.38985062, w: -1}
  - {x: -0.60695255, y: -0.6925496, z: -0.38985062, w: -1}
  - {x: -0.60695255, y: -0.6925496, z: -0.38985062, w: -1}
  - {x: 0.048747405, y: 0.99831945, z: 0.03133763, w: -1}
  - {x: 0.048747405, y: 0.99831945, z: 0.03133763, w: -1}
  - {x: 0.048747405, y: 0.99831945, z: 0.03133763, w: -1}
  - {x: -0.88259643, y: 0.30628905, z: -0.3566659, w: -1}
  - {x: -0.88259643, y: 0.30628905, z: -0.3566659, w: -1}
  - {x: -0.88259643, y: 0.30628905, z: -0.3566659, w: -1}
  - {x: -0.0000019092065, y: -1, z: -0.0000012273475, w: -1}
  - {x: -0.0000019092065, y: -1, z: -0.0000012273475, w: -1}
  - {x: -0.0000019092065, y: -1, z: -0.0000012273475, w: -1}
  - {x: -0.7730939, y: -0.39411616, z: 0.49698922, w: -1}
  - {x: -0.7730939, y: -0.39411616, z: 0.49698922, w: -1}
  - {x: -0.7730939, y: -0.39411616, z: 0.49698922, w: -1}
  - {x: -0.7984557, y: 0.5990747, z: 0.0598141, w: -1}
  - {x: -0.7984557, y: 0.5990747, z: 0.0598141, w: -1}
  - {x: -0.7984557, y: 0.5990747, z: 0.0598141, w: -1}
  - {x: 0.76337653, y: -0.6458195, z: 0.013169298, w: -1}
  - {x: 0.76337653, y: -0.6458195, z: 0.013169298, w: -1}
  - {x: 0.76337653, y: -0.6458195, z: 0.013169298, w: -1}
  - {x: 0.7633763, y: 0.64581984, z: -0.01316947, w: -1}
  - {x: 0.7633763, y: 0.64581984, z: -0.01316947, w: -1}
  - {x: 0.7633763, y: 0.64581984, z: -0.01316947, w: -1}
  - {x: -0.763376, y: -0.64582014, z: 0.013169674, w: -1}
  - {x: -0.763376, y: -0.64582014, z: 0.013169674, w: -1}
  - {x: -0.763376, y: -0.64582014, z: 0.013169674, w: -1}
  - {x: -0.76337624, y: 0.6458198, z: -0.013169499, w: -1}
  - {x: -0.76337624, y: 0.6458198, z: -0.013169499, w: -1}
  - {x: -0.76337624, y: 0.6458198, z: -0.013169499, w: -1}
  m_Colors: []
  m_UnwrapParameters:
    m_HardAngle: 88
    m_PackMargin: 20
    m_AngleError: 8
    m_AreaError: 15
  m_PreserveMeshAssetOnDestroy: 0
  assetGuid: 
  m_Mesh: {fileID: 0}
  m_IsSelectable: 1
  m_SelectedFaces: 01000000040000000500000016000000190000001a000000
  m_SelectedEdges:
  - a: 14
    b: 15
  - a: 15
    b: 16
  - a: 16
    b: 14
  - a: 25
    b: 26
  - a: 28
    b: 25
  - a: 26
    b: 27
  - a: 27
    b: 28
  - a: 29
    b: 30
  - a: 30
    b: 31
  - a: 31
    b: 29
  - a: 90
    b: 89
  - a: 89
    b: 88
  - a: 88
    b: 90
  - a: 102
    b: 101
  - a: 101
    b: 100
  - a: 100
    b: 99
  - a: 99
    b: 102
  - a: 105
    b: 104
  - a: 104
    b: 103
  - a: 103
    b: 105
  m_SelectedVertices: 0e0000000f00000010000000190000001a0000001c0000001b0000001d0000001e0000001f0000005a000000590000005800000066000000650000006400000063000000690000006800000067000000
--- !u!23 &4335215501465482458
MeshRenderer:
  m_ObjectHideFlags: 0
  m_CorrespondingSourceObject: {fileID: 0}
  m_PrefabInstance: {fileID: 0}
  m_PrefabAsset: {fileID: 0}
  m_GameObject: {fileID: 4335215501465482457}
  m_Enabled: 1
  m_CastShadows: 1
  m_ReceiveShadows: 1
  m_DynamicOccludee: 1
  m_MotionVectors: 1
  m_LightProbeUsage: 1
  m_ReflectionProbeUsage: 1
  m_RayTracingMode: 2
  m_RenderingLayerMask: 1
  m_RendererPriority: 0
  m_Materials:
  - {fileID: 2100000, guid: 52b83a8476b9ce74592d6f8c4cb128a4, type: 2}
  m_StaticBatchInfo:
    firstSubMesh: 0
    subMeshCount: 0
  m_StaticBatchRoot: {fileID: 0}
  m_ProbeAnchor: {fileID: 0}
  m_LightProbeVolumeOverride: {fileID: 0}
  m_ScaleInLightmap: 1
  m_ReceiveGI: 1
  m_PreserveUVs: 0
  m_IgnoreNormalsForChartDetection: 0
  m_ImportantGI: 0
  m_StitchLightmapSeams: 1
  m_SelectedEditorRenderState: 2
  m_MinimumChartSize: 4
  m_AutoUVMaxDistance: 0.5
  m_AutoUVMaxAngle: 89
  m_LightmapParameters: {fileID: 0}
  m_SortingLayerID: 0
  m_SortingLayer: 0
  m_SortingOrder: 0
--- !u!33 &4335215501465482459
MeshFilter:
  m_ObjectHideFlags: 0
  m_CorrespondingSourceObject: {fileID: 0}
  m_PrefabInstance: {fileID: 0}
  m_PrefabAsset: {fileID: 0}
  m_GameObject: {fileID: 4335215501465482457}
  m_Mesh: {fileID: 0}
--- !u!95 &1410337535576339260
Animator:
  serializedVersion: 3
  m_ObjectHideFlags: 0
  m_CorrespondingSourceObject: {fileID: 0}
  m_PrefabInstance: {fileID: 0}
  m_PrefabAsset: {fileID: 0}
  m_GameObject: {fileID: 4335215501465482457}
  m_Enabled: 1
  m_Avatar: {fileID: 0}
  m_Controller: {fileID: 9100000, guid: 9260b250a8e192744978fdf63089b2df, type: 2}
  m_CullingMode: 0
  m_UpdateMode: 0
  m_ApplyRootMotion: 0
  m_LinearVelocityBlending: 0
  m_WarningMessage: 
  m_HasTransformHierarchy: 1
  m_AllowConstantClipSamplingOptimization: 1
  m_KeepAnimatorControllerStateOnDisable: 0
--- !u!65 &5802478930968412141
BoxCollider:
  m_ObjectHideFlags: 0
  m_CorrespondingSourceObject: {fileID: 0}
  m_PrefabInstance: {fileID: 0}
  m_PrefabAsset: {fileID: 0}
  m_GameObject: {fileID: 4335215501465482457}
  m_Material: {fileID: 0}
  m_IsTrigger: 1
  m_Enabled: 1
  serializedVersion: 2
  m_Size: {x: 0.5000001, y: 1, z: 0.15000007}
  m_Center: {x: 0.00000003725291, y: 0, z: 0.000000014901165}
--- !u!114 &4834212974986040440
MonoBehaviour:
  m_ObjectHideFlags: 0
  m_CorrespondingSourceObject: {fileID: 0}
  m_PrefabInstance: {fileID: 0}
  m_PrefabAsset: {fileID: 0}
  m_GameObject: {fileID: 4335215501465482457}
  m_Enabled: 1
  m_EditorHideFlags: 0
  m_Script: {fileID: 11500000, guid: 33f4607694288a24ab9ade938c772257, type: 3}
  m_Name: 
  m_EditorClassIdentifier: 
  _rupeeReference: {fileID: 11400000, guid: ba6665e9c288b114fae11107cb7147b7, type: 2}
